timestamp,ref,val,n-sample,knn,threshold,n-box,acc-full,acc-bbox,mAP,memo,AP0,AP1,AP2,AP3,AP4,AP5,AP6,AP7,AP8,AP9,AP10,AP11,AP12,AP13,AP14,AP15,AP16,AP17,AP18,AP19,AP20,AP21,AP22,AP23,AP24,AP25,AP26,AP27,AP28,AP29,AP30,FP0,FP1,FP2,FP3,FP4,FP5,FP6,FP7,FP8,FP9,FP10,FP11,FP12,FP13,FP14,FP15,FP16,FP17,FP18,FP19,FP20,FP21,FP22,FP23,FP24,FP25,FP26,FP27,FP28,FP29,FP30,TP0,TP1,TP2,TP3,TP4,TP5,TP6,TP7,TP8,TP9,TP10,TP11,TP12,TP13,TP14,TP15,TP16,TP17,TP18,TP19,TP20,TP21,TP22,TP23,TP24,TP25,TP26,TP27,TP28,TP29,TP30
2019-11-18 00:22:04.115693,no-masked-trimed,wall,3,True,0.83,200,0.5444126129150391,0.5873925685882568,-1,,,,,,,,,,,,,,,,,,,,,,,,,,,,,,,,,,,,,,,,,,,,,,,,,,,,,,,,,,,,,,,,,,,,,,,,,,,,,,,,,,,,,,,,,,,,,,
2019-11-18 00:22:04.153672,no-masked-trimed,wall,3,True,0.83,200,0.515759289264679,0.6275071501731873,-1,slidewindow n=3 mode=first,,,,,,,,,,,,,,,,,,,,,,,,,,,,,,,,,,,,,,,,,,,,,,,,,,,,,,,,,,,,,,,,,,,,,,,,,,,,,,,,,,,,,,,,,,,,,
2019-11-18 00:22:04.182664,no-masked-trimed,wall,3,True,0.83,200,0.4842406809329986,0.6475644707679749,-1,slidewindow n=4 mode=first,,,,,,,,,,,,,,,,,,,,,,,,,,,,,,,,,,,,,,,,,,,,,,,,,,,,,,,,,,,,,,,,,,,,,,,,,,,,,,,,,,,,,,,,,,,,,
2019-11-18 00:22:04.205655,no-masked-trimed,wall,3,True,0.83,200,0.4613180458545685,0.65329509973526,-1,slidewindow n=5 mode=first,,,,,,,,,,,,,,,,,,,,,,,,,,,,,,,,,,,,,,,,,,,,,,,,,,,,,,,,,,,,,,,,,,,,,,,,,,,,,,,,,,,,,,,,,,,,,
2019-11-18 00:22:04.231647,no-masked-trimed,wall,3,True,0.83,200,0.4383954107761383,0.6618911027908325,-1,slidewindow n=6 mode=first,,,,,,,,,,,,,,,,,,,,,,,,,,,,,,,,,,,,,,,,,,,,,,,,,,,,,,,,,,,,,,,,,,,,,,,,,,,,,,,,,,,,,,,,,,,,,
2019-11-18 00:22:04.263814,no-masked-trimed,wall,3,True,0.83,200,0.406876802444458,0.670487105846405,-1,slidewindow n=7 mode=first,,,,,,,,,,,,,,,,,,,,,,,,,,,,,,,,,,,,,,,,,,,,,,,,,,,,,,,,,,,,,,,,,,,,,,,,,,,,,,,,,,,,,,,,,,,,,
2019-11-18 00:22:04.279442,no-masked-trimed,wall,3,True,0.83,200,0.2951289415359497,0.6618911027908325,-1,slidewindow n=3 mode=all,,,,,,,,,,,,,,,,,,,,,,,,,,,,,,,,,,,,,,,,,,,,,,,,,,,,,,,,,,,,,,,,,,,,,,,,,,,,,,,,,,,,,,,,,,,,,
2019-11-18 00:22:04.310590,no-masked-trimed,wall,3,True,0.83,200,0.26074498891830444,0.670487105846405,-1,slidewindow n=4 mode=all,,,,,,,,,,,,,,,,,,,,,,,,,,,,,,,,,,,,,,,,,,,,,,,,,,,,,,,,,,,,,,,,,,,,,,,,,,,,,,,,,,,,,,,,,,,,,
2019-11-18 00:22:04.326095,no-masked-trimed,wall,3,True,0.83,200,0.2292263656854629,0.676217794418335,-1,slidewindow n=5 mode=all,,,,,,,,,,,,,,,,,,,,,,,,,,,,,,,,,,,,,,,,,,,,,,,,,,,,,,,,,,,,,,,,,,,,,,,,,,,,,,,,,,,,,,,,,,,,,
2019-11-18 00:22:04.357350,no-masked-trimed,wall,3,True,0.83,200,0.2234957069158554,0.6733524203300476,-1,slidewindow n=6 mode=all,,,,,,,,,,,,,,,,,,,,,,,,,,,,,,,,,,,,,,,,,,,,,,,,,,,,,,,,,,,,,,,,,,,,,,,,,,,,,,,,,,,,,,,,,,,,,
2019-11-18 00:22:04.372974,no-masked-trimed,wall,3,True,0.83,200,0.21776504814624786,0.6848137378692627,-1,slidewindow n=7 mode=all,,,,,,,,,,,,,,,,,,,,,,,,,,,,,,,,,,,,,,,,,,,,,,,,,,,,,,,,,,,,,,,,,,,,,,,,,,,,,,,,,,,,,,,,,,,,,
2019-11-18 00:23:26.595447,no-masked-trimed,wall,3,True,0.83,200,0.5644699335098267,0.6618911027908325,-1,,,,,,,,,,,,,,,,,,,,,,,,,,,,,,,,,,,,,,,,,,,,,,,,,,,,,,,,,,,,,,,,,,,,,,,,,,,,,,,,,,,,,,,,,,,,,,
2019-11-18 00:23:26.623439,no-masked-trimed,wall,3,True,0.83,200,0.5415472984313965,0.7048710584640503,-1,slidewindow n=3 mode=first,,,,,,,,,,,,,,,,,,,,,,,,,,,,,,,,,,,,,,,,,,,,,,,,,,,,,,,,,,,,,,,,,,,,,,,,,,,,,,,,,,,,,,,,,,,,,
2019-11-18 00:23:26.655550,no-masked-trimed,wall,3,True,0.83,200,0.5100286602973938,0.7277936935424805,-1,slidewindow n=4 mode=first,,,,,,,,,,,,,,,,,,,,,,,,,,,,,,,,,,,,,,,,,,,,,,,,,,,,,,,,,,,,,,,,,,,,,,,,,,,,,,,,,,,,,,,,,,,,,
2019-11-18 00:23:26.685541,no-masked-trimed,wall,3,True,0.83,200,0.4727793633937836,0.7507163286209106,-1,slidewindow n=5 mode=first,,,,,,,,,,,,,,,,,,,,,,,,,,,,,,,,,,,,,,,,,,,,,,,,,,,,,,,,,,,,,,,,,,,,,,,,,,,,,,,,,,,,,,,,,,,,,
2019-11-18 00:23:26.702555,no-masked-trimed,wall,3,True,0.83,200,0.4383954107761383,0.7507163286209106,-1,slidewindow n=6 mode=first,,,,,,,,,,,,,,,,,,,,,,,,,,,,,,,,,,,,,,,,,,,,,,,,,,,,,,,,,,,,,,,,,,,,,,,,,,,,,,,,,,,,,,,,,,,,,
2019-11-18 00:23:26.749431,no-masked-trimed,wall,3,True,0.83,200,0.4183381199836731,0.7593123316764832,-1,slidewindow n=7 mode=first,,,,,,,,,,,,,,,,,,,,,,,,,,,,,,,,,,,,,,,,,,,,,,,,,,,,,,,,,,,,,,,,,,,,,,,,,,,,,,,,,,,,,,,,,,,,,
2019-11-18 00:23:26.780682,no-masked-trimed,wall,3,True,0.83,200,0.3724928498268128,0.6962750554084778,-1,slidewindow n=3 mode=all,,,,,,,,,,,,,,,,,,,,,,,,,,,,,,,,,,,,,,,,,,,,,,,,,,,,,,,,,,,,,,,,,,,,,,,,,,,,,,,,,,,,,,,,,,,,,
2019-11-18 00:23:26.796307,no-masked-trimed,wall,3,True,0.83,200,0.32664754986763,0.7249283790588379,-1,slidewindow n=4 mode=all,,,,,,,,,,,,,,,,,,,,,,,,,,,,,,,,,,,,,,,,,,,,,,,,,,,,,,,,,,,,,,,,,,,,,,,,,,,,,,,,,,,,,,,,,,,,,
2019-11-18 00:23:26.827556,no-masked-trimed,wall,3,True,0.83,200,0.30372491478919983,0.7449856996536255,-1,slidewindow n=5 mode=all,,,,,,,,,,,,,,,,,,,,,,,,,,,,,,,,,,,,,,,,,,,,,,,,,,,,,,,,,,,,,,,,,,,,,,,,,,,,,,,,,,,,,,,,,,,,,
2019-11-18 00:23:26.843181,no-masked-trimed,wall,3,True,0.83,200,0.2750716209411621,0.7392550110816956,-1,slidewindow n=6 mode=all,,,,,,,,,,,,,,,,,,,,,,,,,,,,,,,,,,,,,,,,,,,,,,,,,,,,,,,,,,,,,,,,,,,,,,,,,,,,,,,,,,,,,,,,,,,,,
2019-11-18 00:23:26.874431,no-masked-trimed,wall,3,True,0.83,200,0.27220630645751953,0.7478510141372681,-1,slidewindow n=7 mode=all,,,,,,,,,,,,,,,,,,,,,,,,,,,,,,,,,,,,,,,,,,,,,,,,,,,,,,,,,,,,,,,,,,,,,,,,,,,,,,,,,,,,,,,,,,,,,
2019-11-18 00:23:45.133116,no-masked-trimed,wall,3,False,0.83,200,0.593123197555542,0.6819484233856201,-1,,,,,,,,,,,,,,,,,,,,,,,,,,,,,,,,,,,,,,,,,,,,,,,,,,,,,,,,,,,,,,,,,,,,,,,,,,,,,,,,,,,,,,,,,,,,,,
2019-11-18 00:23:45.162106,no-masked-trimed,wall,3,False,0.83,200,0.5759312510490417,0.7134670615196228,-1,slidewindow n=3 mode=first,,,,,,,,,,,,,,,,,,,,,,,,,,,,,,,,,,,,,,,,,,,,,,,,,,,,,,,,,,,,,,,,,,,,,,,,,,,,,,,,,,,,,,,,,,,,,
2019-11-18 00:23:45.188098,no-masked-trimed,wall,3,False,0.83,200,0.5243552923202515,0.7077363729476929,-1,slidewindow n=4 mode=first,,,,,,,,,,,,,,,,,,,,,,,,,,,,,,,,,,,,,,,,,,,,,,,,,,,,,,,,,,,,,,,,,,,,,,,,,,,,,,,,,,,,,,,,,,,,,
2019-11-18 00:23:45.212091,no-masked-trimed,wall,3,False,0.83,200,0.4727793633937836,0.7106017470359802,-1,slidewindow n=5 mode=first,,,,,,,,,,,,,,,,,,,,,,,,,,,,,,,,,,,,,,,,,,,,,,,,,,,,,,,,,,,,,,,,,,,,,,,,,,,,,,,,,,,,,,,,,,,,,
2019-11-18 00:23:45.234125,no-masked-trimed,wall,3,False,0.83,200,0.42406877875328064,0.7077363729476929,-1,slidewindow n=6 mode=first,,,,,,,,,,,,,,,,,,,,,,,,,,,,,,,,,,,,,,,,,,,,,,,,,,,,,,,,,,,,,,,,,,,,,,,,,,,,,,,,,,,,,,,,,,,,,
2019-11-18 00:23:45.265376,no-masked-trimed,wall,3,False,0.83,200,0.40401145815849293,0.7134670615196228,-1,slidewindow n=7 mode=first,,,,,,,,,,,,,,,,,,,,,,,,,,,,,,,,,,,,,,,,,,,,,,,,,,,,,,,,,,,,,,,,,,,,,,,,,,,,,,,,,,,,,,,,,,,,,
2019-11-18 00:23:45.296626,no-masked-trimed,wall,3,False,0.83,200,0.3180515766143799,0.6934097409248352,-1,slidewindow n=3 mode=all,,,,,,,,,,,,,,,,,,,,,,,,,,,,,,,,,,,,,,,,,,,,,,,,,,,,,,,,,,,,,,,,,,,,,,,,,,,,,,,,,,,,,,,,,,,,,
2019-11-18 00:23:45.327876,no-masked-trimed,wall,3,False,0.83,200,0.25214898586273193,0.6991404294967651,-1,slidewindow n=4 mode=all,,,,,,,,,,,,,,,,,,,,,,,,,,,,,,,,,,,,,,,,,,,,,,,,,,,,,,,,,,,,,,,,,,,,,,,,,,,,,,,,,,,,,,,,,,,,,
2019-11-18 00:23:45.343501,no-masked-trimed,wall,3,False,0.83,200,0.2378223538398743,0.7020057439804077,-1,slidewindow n=5 mode=all,,,,,,,,,,,,,,,,,,,,,,,,,,,,,,,,,,,,,,,,,,,,,,,,,,,,,,,,,,,,,,,,,,,,,,,,,,,,,,,,,,,,,,,,,,,,,
2019-11-18 00:23:45.374767,no-masked-trimed,wall,3,False,0.83,200,0.2234957069158554,0.6991404294967651,-1,slidewindow n=6 mode=all,,,,,,,,,,,,,,,,,,,,,,,,,,,,,,,,,,,,,,,,,,,,,,,,,,,,,,,,,,,,,,,,,,,,,,,,,,,,,,,,,,,,,,,,,,,,,
2019-11-18 00:23:45.390389,no-masked-trimed,wall,3,False,0.83,200,0.21203438937664032,0.7020057439804077,-1,slidewindow n=7 mode=all,,,,,,,,,,,,,,,,,,,,,,,,,,,,,,,,,,,,,,,,,,,,,,,,,,,,,,,,,,,,,,,,,,,,,,,,,,,,,,,,,,,,,,,,,,,,,
2019-11-18 00:24:13.686351,no-masked-trimed,frontview2,3,True,0.83,200,0.21033868193626404,0.5080214142799377,-1,,,,,,,,,,,,,,,,,,,,,,,,,,,,,,,,,,,,,,,,,,,,,,,,,,,,,,,,,,,,,,,,,,,,,,,,,,,,,,,,,,,,,,,,,,,,,,
2019-11-18 00:24:13.719339,no-masked-trimed,frontview2,3,True,0.83,200,0.16399286687374115,0.5597147941589355,-1,slidewindow n=3 mode=first,,,,,,,,,,,,,,,,,,,,,,,,,,,,,,,,,,,,,,,,,,,,,,,,,,,,,,,,,,,,,,,,,,,,,,,,,,,,,,,,,,,,,,,,,,,,,
2019-11-18 00:24:13.757328,no-masked-trimed,frontview2,3,True,0.83,200,0.12655971944332126,0.5935828685760498,-1,slidewindow n=4 mode=first,,,,,,,,,,,,,,,,,,,,,,,,,,,,,,,,,,,,,,,,,,,,,,,,,,,,,,,,,,,,,,,,,,,,,,,,,,,,,,,,,,,,,,,,,,,,,
2019-11-18 00:24:13.789318,no-masked-trimed,frontview2,3,True,0.83,200,0.10873440653085707,0.614973247051239,-1,slidewindow n=5 mode=first,,,,,,,,,,,,,,,,,,,,,,,,,,,,,,,,,,,,,,,,,,,,,,,,,,,,,,,,,,,,,,,,,,,,,,,,,,,,,,,,,,,,,,,,,,,,,
2019-11-18 00:24:13.811975,no-masked-trimed,frontview2,3,True,0.83,200,0.08556149899959564,0.6363636255264282,-1,slidewindow n=6 mode=first,,,,,,,,,,,,,,,,,,,,,,,,,,,,,,,,,,,,,,,,,,,,,,,,,,,,,,,,,,,,,,,,,,,,,,,,,,,,,,,,,,,,,,,,,,,,,
2019-11-18 00:24:13.842107,no-masked-trimed,frontview2,3,True,0.83,200,0.0730837807059288,0.6452763080596924,-1,slidewindow n=7 mode=first,,,,,,,,,,,,,,,,,,,,,,,,,,,,,,,,,,,,,,,,,,,,,,,,,,,,,,,,,,,,,,,,,,,,,,,,,,,,,,,,,,,,,,,,,,,,,
2019-11-18 00:24:13.873183,no-masked-trimed,frontview2,3,True,0.83,200,0.11051693558692932,0.6078431606292725,-1,slidewindow n=3 mode=all,,,,,,,,,,,,,,,,,,,,,,,,,,,,,,,,,,,,,,,,,,,,,,,,,,,,,,,,,,,,,,,,,,,,,,,,,,,,,,,,,,,,,,,,,,,,,
2019-11-18 00:24:13.904333,no-masked-trimed,frontview2,3,True,0.83,200,0.0784313753247261,0.6274510025978088,-1,slidewindow n=4 mode=all,,,,,,,,,,,,,,,,,,,,,,,,,,,,,,,,,,,,,,,,,,,,,,,,,,,,,,,,,,,,,,,,,,,,,,,,,,,,,,,,,,,,,,,,,,,,,
2019-11-18 00:24:13.935490,no-masked-trimed,frontview2,3,True,0.83,200,0.06951871514320374,0.6488413810729979,-1,slidewindow n=5 mode=all,,,,,,,,,,,,,,,,,,,,,,,,,,,,,,,,,,,,,,,,,,,,,,,,,,,,,,,,,,,,,,,,,,,,,,,,,,,,,,,,,,,,,,,,,,,,,
2019-11-18 00:24:13.966741,no-masked-trimed,frontview2,3,True,0.83,200,0.0570409968495369,0.6684492230415344,-1,slidewindow n=6 mode=all,,,,,,,,,,,,,,,,,,,,,,,,,,,,,,,,,,,,,,,,,,,,,,,,,,,,,,,,,,,,,,,,,,,,,,,,,,,,,,,,,,,,,,,,,,,,,
2019-11-18 00:24:14.013615,no-masked-trimed,frontview2,3,True,0.83,200,0.0570409968495369,0.6684492230415344,-1,slidewindow n=7 mode=all,,,,,,,,,,,,,,,,,,,,,,,,,,,,,,,,,,,,,,,,,,,,,,,,,,,,,,,,,,,,,,,,,,,,,,,,,,,,,,,,,,,,,,,,,,,,,
2019-11-18 00:24:41.250612,no-masked-trimed,frontview2,3,False,0.83,200,0.2531194388866425,0.5436720252037048,-1,,,,,,,,,,,,,,,,,,,,,,,,,,,,,,,,,,,,,,,,,,,,,,,,,,,,,,,,,,,,,,,,,,,,,,,,,,,,,,,,,,,,,,,,,,,,,,
2019-11-18 00:24:41.286601,no-masked-trimed,frontview2,3,False,0.83,200,0.2370766550302505,0.5721924901008606,-1,slidewindow n=3 mode=first,,,,,,,,,,,,,,,,,,,,,,,,,,,,,,,,,,,,,,,,,,,,,,,,,,,,,,,,,,,,,,,,,,,,,,,,,,,,,,,,,,,,,,,,,,,,,
2019-11-18 00:24:41.330587,no-masked-trimed,frontview2,3,False,0.83,200,0.20142602920532227,0.5989304780960083,-1,slidewindow n=4 mode=first,,,,,,,,,,,,,,,,,,,,,,,,,,,,,,,,,,,,,,,,,,,,,,,,,,,,,,,,,,,,,,,,,,,,,,,,,,,,,,,,,,,,,,,,,,,,,
2019-11-18 00:24:41.374225,no-masked-trimed,frontview2,3,False,0.83,200,0.16042780876159668,0.625668466091156,-1,slidewindow n=5 mode=first,,,,,,,,,,,,,,,,,,,,,,,,,,,,,,,,,,,,,,,,,,,,,,,,,,,,,,,,,,,,,,,,,,,,,,,,,,,,,,,,,,,,,,,,,,,,,
2019-11-18 00:24:41.405492,no-masked-trimed,frontview2,3,False,0.83,200,0.13903743028640747,0.6363636255264282,-1,slidewindow n=6 mode=first,,,,,,,,,,,,,,,,,,,,,,,,,,,,,,,,,,,,,,,,,,,,,,,,,,,,,,,,,,,,,,,,,,,,,,,,,,,,,,,,,,,,,,,,,,,,,
2019-11-18 00:24:41.436742,no-masked-trimed,frontview2,3,False,0.83,200,0.1247771829366684,0.6452763080596924,-1,slidewindow n=7 mode=first,,,,,,,,,,,,,,,,,,,,,,,,,,,,,,,,,,,,,,,,,,,,,,,,,,,,,,,,,,,,,,,,,,,,,,,,,,,,,,,,,,,,,,,,,,,,,
2019-11-18 00:24:41.467992,no-masked-trimed,frontview2,3,False,0.83,200,0.09625668078660964,0.5704099535942078,-1,slidewindow n=3 mode=all,,,,,,,,,,,,,,,,,,,,,,,,,,,,,,,,,,,,,,,,,,,,,,,,,,,,,,,,,,,,,,,,,,,,,,,,,,,,,,,,,,,,,,,,,,,,,
2019-11-18 00:24:41.499242,no-masked-trimed,frontview2,3,False,0.83,200,0.06595365703105928,0.5846702456474304,-1,slidewindow n=4 mode=all,,,,,,,,,,,,,,,,,,,,,,,,,,,,,,,,,,,,,,,,,,,,,,,,,,,,,,,,,,,,,,,,,,,,,,,,,,,,,,,,,,,,,,,,,,,,,
2019-11-18 00:24:41.530487,no-masked-trimed,frontview2,3,False,0.83,200,0.06417112052440642,0.5953654050827026,-1,slidewindow n=5 mode=all,,,,,,,,,,,,,,,,,,,,,,,,,,,,,,,,,,,,,,,,,,,,,,,,,,,,,,,,,,,,,,,,,,,,,,,,,,,,,,,,,,,,,,,,,,,,,
2019-11-18 00:24:41.561737,no-masked-trimed,frontview2,3,False,0.83,200,0.06060606241226196,0.5935828685760498,-1,slidewindow n=6 mode=all,,,,,,,,,,,,,,,,,,,,,,,,,,,,,,,,,,,,,,,,,,,,,,,,,,,,,,,,,,,,,,,,,,,,,,,,,,,,,,,,,,,,,,,,,,,,,
2019-11-18 00:24:41.592987,no-masked-trimed,frontview2,3,False,0.83,200,0.05525846779346466,0.5900177955627441,-1,slidewindow n=7 mode=all,,,,,,,,,,,,,,,,,,,,,,,,,,,,,,,,,,,,,,,,,,,,,,,,,,,,,,,,,,,,,,,,,,,,,,,,,,,,,,,,,,,,,,,,,,,,,
2019-11-18 00:25:10.793261,no-masked-trimed,floor2,3,True,0.83,200,0.3629343509674072,0.4787644743919373,-1,,,,,,,,,,,,,,,,,,,,,,,,,,,,,,,,,,,,,,,,,,,,,,,,,,,,,,,,,,,,,,,,,,,,,,,,,,,,,,,,,,,,,,,,,,,,,,
2019-11-18 00:25:10.834249,no-masked-trimed,floor2,3,True,0.83,200,0.3416988551616669,0.5366795659065247,-1,slidewindow n=3 mode=first,,,,,,,,,,,,,,,,,,,,,,,,,,,,,,,,,,,,,,,,,,,,,,,,,,,,,,,,,,,,,,,,,,,,,,,,,,,,,,,,,,,,,,,,,,,,,
2019-11-18 00:25:10.871237,no-masked-trimed,floor2,3,True,0.83,200,0.2953667938709259,0.5579150319099426,-1,slidewindow n=4 mode=first,,,,,,,,,,,,,,,,,,,,,,,,,,,,,,,,,,,,,,,,,,,,,,,,,,,,,,,,,,,,,,,,,,,,,,,,,,,,,,,,,,,,,,,,,,,,,
2019-11-18 00:25:10.904908,no-masked-trimed,floor2,3,True,0.83,200,0.2548262476921081,0.5637065768241882,-1,slidewindow n=5 mode=first,,,,,,,,,,,,,,,,,,,,,,,,,,,,,,,,,,,,,,,,,,,,,,,,,,,,,,,,,,,,,,,,,,,,,,,,,,,,,,,,,,,,,,,,,,,,,
2019-11-18 00:25:10.936141,no-masked-trimed,floor2,3,True,0.83,200,0.2239382266998291,0.5752895474433899,-1,slidewindow n=6 mode=first,,,,,,,,,,,,,,,,,,,,,,,,,,,,,,,,,,,,,,,,,,,,,,,,,,,,,,,,,,,,,,,,,,,,,,,,,,,,,,,,,,,,,,,,,,,,,
2019-11-18 00:25:10.967410,no-masked-trimed,floor2,3,True,0.83,200,0.2084942013025284,0.5926640629768372,-1,slidewindow n=7 mode=first,,,,,,,,,,,,,,,,,,,,,,,,,,,,,,,,,,,,,,,,,,,,,,,,,,,,,,,,,,,,,,,,,,,,,,,,,,,,,,,,,,,,,,,,,,,,,
2019-11-18 00:25:10.998658,no-masked-trimed,floor2,3,True,0.83,200,0.19884170591831207,0.5057914853096008,-1,slidewindow n=3 mode=all,,,,,,,,,,,,,,,,,,,,,,,,,,,,,,,,,,,,,,,,,,,,,,,,,,,,,,,,,,,,,,,,,,,,,,,,,,,,,,,,,,,,,,,,,,,,,
2019-11-18 00:25:11.029904,no-masked-trimed,floor2,3,True,0.83,200,0.16023166477680206,0.5135135054588318,-1,slidewindow n=4 mode=all,,,,,,,,,,,,,,,,,,,,,,,,,,,,,,,,,,,,,,,,,,,,,,,,,,,,,,,,,,,,,,,,,,,,,,,,,,,,,,,,,,,,,,,,,,,,,
2019-11-18 00:25:11.061154,no-masked-trimed,floor2,3,True,0.83,200,0.13127413392066956,0.5289575457572937,-1,slidewindow n=5 mode=all,,,,,,,,,,,,,,,,,,,,,,,,,,,,,,,,,,,,,,,,,,,,,,,,,,,,,,,,,,,,,,,,,,,,,,,,,,,,,,,,,,,,,,,,,,,,,
2019-11-18 00:25:11.092406,no-masked-trimed,floor2,3,True,0.83,200,0.11969111859798433,0.53861004114151,-1,slidewindow n=6 mode=all,,,,,,,,,,,,,,,,,,,,,,,,,,,,,,,,,,,,,,,,,,,,,,,,,,,,,,,,,,,,,,,,,,,,,,,,,,,,,,,,,,,,,,,,,,,,,
2019-11-18 00:25:11.125973,no-masked-trimed,floor2,3,True,0.83,200,0.12162162363529205,0.5405405163764954,-1,slidewindow n=7 mode=all,,,,,,,,,,,,,,,,,,,,,,,,,,,,,,,,,,,,,,,,,,,,,,,,,,,,,,,,,,,,,,,,,,,,,,,,,,,,,,,,,,,,,,,,,,,,,
2019-11-18 00:25:36.147229,no-masked-trimed,floor2,3,False,0.83,200,0.3610038757324219,0.5154440402984619,-1,,,,,,,,,,,,,,,,,,,,,,,,,,,,,,,,,,,,,,,,,,,,,,,,,,,,,,,,,,,,,,,,,,,,,,,,,,,,,,,,,,,,,,,,,,,,,,
2019-11-18 00:25:36.180220,no-masked-trimed,floor2,3,False,0.83,200,0.3088802993297577,0.5424710512161255,-1,slidewindow n=3 mode=first,,,,,,,,,,,,,,,,,,,,,,,,,,,,,,,,,,,,,,,,,,,,,,,,,,,,,,,,,,,,,,,,,,,,,,,,,,,,,,,,,,,,,,,,,,,,,
2019-11-18 00:25:36.218207,no-masked-trimed,floor2,3,False,0.83,200,0.26447877287864685,0.5598455667495728,-1,slidewindow n=4 mode=first,,,,,,,,,,,,,,,,,,,,,,,,,,,,,,,,,,,,,,,,,,,,,,,,,,,,,,,,,,,,,,,,,,,,,,,,,,,,,,,,,,,,,,,,,,,,,
2019-11-18 00:25:36.253196,no-masked-trimed,floor2,3,False,0.83,200,0.2142857164144516,0.5752895474433899,-1,slidewindow n=5 mode=first,,,,,,,,,,,,,,,,,,,,,,,,,,,,,,,,,,,,,,,,,,,,,,,,,,,,,,,,,,,,,,,,,,,,,,,,,,,,,,,,,,,,,,,,,,,,,
2019-11-18 00:25:36.280841,no-masked-trimed,floor2,3,False,0.83,200,0.19111968576908112,0.5810810923576355,-1,slidewindow n=6 mode=first,,,,,,,,,,,,,,,,,,,,,,,,,,,,,,,,,,,,,,,,,,,,,,,,,,,,,,,,,,,,,,,,,,,,,,,,,,,,,,,,,,,,,,,,,,,,,
2019-11-18 00:25:36.312091,no-masked-trimed,floor2,3,False,0.83,200,0.17374517023563385,0.5926640629768372,-1,slidewindow n=7 mode=first,,,,,,,,,,,,,,,,,,,,,,,,,,,,,,,,,,,,,,,,,,,,,,,,,,,,,,,,,,,,,,,,,,,,,,,,,,,,,,,,,,,,,,,,,,,,,
2019-11-18 00:25:36.343341,no-masked-trimed,floor2,3,False,0.83,200,0.13899613916873932,0.5328185558319092,-1,slidewindow n=3 mode=all,,,,,,,,,,,,,,,,,,,,,,,,,,,,,,,,,,,,,,,,,,,,,,,,,,,,,,,,,,,,,,,,,,,,,,,,,,,,,,,,,,,,,,,,,,,,,
2019-11-18 00:25:36.374603,no-masked-trimed,floor2,3,False,0.83,200,0.10231660306453703,0.5444015264511108,-1,slidewindow n=4 mode=all,,,,,,,,,,,,,,,,,,,,,,,,,,,,,,,,,,,,,,,,,,,,,,,,,,,,,,,,,,,,,,,,,,,,,,,,,,,,,,,,,,,,,,,,,,,,,
2019-11-18 00:25:36.405853,no-masked-trimed,floor2,3,False,0.83,200,0.09459459781646727,0.5521235466003418,-1,slidewindow n=5 mode=all,,,,,,,,,,,,,,,,,,,,,,,,,,,,,,,,,,,,,,,,,,,,,,,,,,,,,,,,,,,,,,,,,,,,,,,,,,,,,,,,,,,,,,,,,,,,,
2019-11-18 00:25:36.437103,no-masked-trimed,floor2,3,False,0.83,200,0.0907335877418518,0.5559845566749573,-1,slidewindow n=6 mode=all,,,,,,,,,,,,,,,,,,,,,,,,,,,,,,,,,,,,,,,,,,,,,,,,,,,,,,,,,,,,,,,,,,,,,,,,,,,,,,,,,,,,,,,,,,,,,
2019-11-18 00:25:36.468353,no-masked-trimed,floor2,3,False,0.83,200,0.07528957724571228,0.5617760419845581,-1,slidewindow n=7 mode=all,,,,,,,,,,,,,,,,,,,,,,,,,,,,,,,,,,,,,,,,,,,,,,,,,,,,,,,,,,,,,,,,,,,,,,,,,,,,,,,,,,,,,,,,,,,,,
2019-11-18 00:26:06.495335,original,wall,3,True,0.83,200,0.6017192006111145,0.610315203666687,-1,,,,,,,,,,,,,,,,,,,,,,,,,,,,,,,,,,,,,,,,,,,,,,,,,,,,,,,,,,,,,,,,,,,,,,,,,,,,,,,,,,,,,,,,,,,,,,
2019-11-18 00:26:06.529324,original,wall,3,True,0.83,200,0.5759312510490417,0.6361031532287598,-1,slidewindow n=3 mode=first,,,,,,,,,,,,,,,,,,,,,,,,,,,,,,,,,,,,,,,,,,,,,,,,,,,,,,,,,,,,,,,,,,,,,,,,,,,,,,,,,,,,,,,,,,,,,
2019-11-18 00:26:06.560314,original,wall,3,True,0.83,200,0.5272206068038939,0.6647564172744751,-1,slidewindow n=4 mode=first,,,,,,,,,,,,,,,,,,,,,,,,,,,,,,,,,,,,,,,,,,,,,,,,,,,,,,,,,,,,,,,,,,,,,,,,,,,,,,,,,,,,,,,,,,,,,
2019-11-18 00:26:06.589304,original,wall,3,True,0.83,200,0.4871060252189636,0.6561604738235474,-1,slidewindow n=5 mode=first,,,,,,,,,,,,,,,,,,,,,,,,,,,,,,,,,,,,,,,,,,,,,,,,,,,,,,,,,,,,,,,,,,,,,,,,,,,,,,,,,,,,,,,,,,,,,
2019-11-18 00:26:06.618295,original,wall,3,True,0.83,200,0.4498567283153534,0.6647564172744751,-1,slidewindow n=6 mode=first,,,,,,,,,,,,,,,,,,,,,,,,,,,,,,,,,,,,,,,,,,,,,,,,,,,,,,,,,,,,,,,,,,,,,,,,,,,,,,,,,,,,,,,,,,,,,
2019-11-18 00:26:06.640314,original,wall,3,True,0.83,200,0.40687680244445795,0.6647564172744751,-1,slidewindow n=7 mode=first,,,,,,,,,,,,,,,,,,,,,,,,,,,,,,,,,,,,,,,,,,,,,,,,,,,,,,,,,,,,,,,,,,,,,,,,,,,,,,,,,,,,,,,,,,,,,
2019-11-18 00:26:06.671565,original,wall,3,True,0.83,200,0.3237822353839874,0.6446991562843323,-1,slidewindow n=3 mode=all,,,,,,,,,,,,,,,,,,,,,,,,,,,,,,,,,,,,,,,,,,,,,,,,,,,,,,,,,,,,,,,,,,,,,,,,,,,,,,,,,,,,,,,,,,,,,
2019-11-18 00:26:06.702832,original,wall,3,True,0.83,200,0.2865329384803772,0.6446991562843323,-1,slidewindow n=4 mode=all,,,,,,,,,,,,,,,,,,,,,,,,,,,,,,,,,,,,,,,,,,,,,,,,,,,,,,,,,,,,,,,,,,,,,,,,,,,,,,,,,,,,,,,,,,,,,
2019-11-18 00:26:06.718453,original,wall,3,True,0.83,200,0.26074498891830444,0.65329509973526,-1,slidewindow n=5 mode=all,,,,,,,,,,,,,,,,,,,,,,,,,,,,,,,,,,,,,,,,,,,,,,,,,,,,,,,,,,,,,,,,,,,,,,,,,,,,,,,,,,,,,,,,,,,,,
2019-11-18 00:26:06.749702,original,wall,3,True,0.83,200,0.25214898586273193,0.6475644707679749,-1,slidewindow n=6 mode=all,,,,,,,,,,,,,,,,,,,,,,,,,,,,,,,,,,,,,,,,,,,,,,,,,,,,,,,,,,,,,,,,,,,,,,,,,,,,,,,,,,,,,,,,,,,,,
2019-11-18 00:26:06.780952,original,wall,3,True,0.83,200,0.2320916950702667,0.6475644707679749,-1,slidewindow n=7 mode=all,,,,,,,,,,,,,,,,,,,,,,,,,,,,,,,,,,,,,,,,,,,,,,,,,,,,,,,,,,,,,,,,,,,,,,,,,,,,,,,,,,,,,,,,,,,,,
2019-11-18 00:26:25.361541,original,wall,3,False,0.83,200,0.6017192006111145,0.6131805181503296,-1,,,,,,,,,,,,,,,,,,,,,,,,,,,,,,,,,,,,,,,,,,,,,,,,,,,,,,,,,,,,,,,,,,,,,,,,,,,,,,,,,,,,,,,,,,,,,,
2019-11-18 00:26:25.399533,original,wall,3,False,0.83,200,0.5730658769607544,0.6303724646568298,-1,slidewindow n=3 mode=first,,,,,,,,,,,,,,,,,,,,,,,,,,,,,,,,,,,,,,,,,,,,,,,,,,,,,,,,,,,,,,,,,,,,,,,,,,,,,,,,,,,,,,,,,,,,,
2019-11-18 00:26:25.439516,original,wall,3,False,0.83,200,0.5444126129150391,0.6475644707679749,-1,slidewindow n=4 mode=first,,,,,,,,,,,,,,,,,,,,,,,,,,,,,,,,,,,,,,,,,,,,,,,,,,,,,,,,,,,,,,,,,,,,,,,,,,,,,,,,,,,,,,,,,,,,,
2019-11-18 00:26:25.469506,original,wall,3,False,0.83,200,0.4928366839885712,0.6618911027908325,-1,slidewindow n=5 mode=first,,,,,,,,,,,,,,,,,,,,,,,,,,,,,,,,,,,,,,,,,,,,,,,,,,,,,,,,,,,,,,,,,,,,,,,,,,,,,,,,,,,,,,,,,,,,,
2019-11-18 00:26:25.483527,original,wall,3,False,0.83,200,0.455587387084961,0.6590257883071899,-1,slidewindow n=6 mode=first,,,,,,,,,,,,,,,,,,,,,,,,,,,,,,,,,,,,,,,,,,,,,,,,,,,,,,,,,,,,,,,,,,,,,,,,,,,,,,,,,,,,,,,,,,,,,
2019-11-18 00:26:25.530402,original,wall,3,False,0.83,200,0.40687680244445795,0.6618911027908325,-1,slidewindow n=7 mode=first,,,,,,,,,,,,,,,,,,,,,,,,,,,,,,,,,,,,,,,,,,,,,,,,,,,,,,,,,,,,,,,,,,,,,,,,,,,,,,,,,,,,,,,,,,,,,
2019-11-18 00:26:25.561653,original,wall,3,False,0.83,200,0.3094555735588074,0.5759312510490417,-1,slidewindow n=3 mode=all,,,,,,,,,,,,,,,,,,,,,,,,,,,,,,,,,,,,,,,,,,,,,,,,,,,,,,,,,,,,,,,,,,,,,,,,,,,,,,,,,,,,,,,,,,,,,
2019-11-18 00:26:25.592903,original,wall,3,False,0.83,200,0.25214898586273193,0.5730658769607544,-1,slidewindow n=4 mode=all,,,,,,,,,,,,,,,,,,,,,,,,,,,,,,,,,,,,,,,,,,,,,,,,,,,,,,,,,,,,,,,,,,,,,,,,,,,,,,,,,,,,,,,,,,,,,
2019-11-18 00:26:25.608545,original,wall,3,False,0.83,200,0.2320916950702667,0.5787965655326843,-1,slidewindow n=5 mode=all,,,,,,,,,,,,,,,,,,,,,,,,,,,,,,,,,,,,,,,,,,,,,,,,,,,,,,,,,,,,,,,,,,,,,,,,,,,,,,,,,,,,,,,,,,,,,
2019-11-18 00:26:25.655415,original,wall,3,False,0.83,200,0.22063037753105166,0.5730658769607544,-1,slidewindow n=6 mode=all,,,,,,,,,,,,,,,,,,,,,,,,,,,,,,,,,,,,,,,,,,,,,,,,,,,,,,,,,,,,,,,,,,,,,,,,,,,,,,,,,,,,,,,,,,,,,
2019-11-18 00:26:25.686665,original,wall,3,False,0.83,200,0.2148997187614441,0.5673352479934692,-1,slidewindow n=7 mode=all,,,,,,,,,,,,,,,,,,,,,,,,,,,,,,,,,,,,,,,,,,,,,,,,,,,,,,,,,,,,,,,,,,,,,,,,,,,,,,,,,,,,,,,,,,,,,
2019-11-18 00:26:52.928976,original,frontview2,3,True,0.83,200,0.1764705926179886,0.5525846481323242,-1,,,,,,,,,,,,,,,,,,,,,,,,,,,,,,,,,,,,,,,,,,,,,,,,,,,,,,,,,,,,,,,,,,,,,,,,,,,,,,,,,,,,,,,,,,,,,,
2019-11-18 00:26:52.968963,original,frontview2,3,True,0.83,200,0.14973261952400208,0.5953654050827026,-1,slidewindow n=3 mode=first,,,,,,,,,,,,,,,,,,,,,,,,,,,,,,,,,,,,,,,,,,,,,,,,,,,,,,,,,,,,,,,,,,,,,,,,,,,,,,,,,,,,,,,,,,,,,
2019-11-18 00:26:53.009963,original,frontview2,3,True,0.83,200,0.1247771829366684,0.6114081740379333,-1,slidewindow n=4 mode=first,,,,,,,,,,,,,,,,,,,,,,,,,,,,,,,,,,,,,,,,,,,,,,,,,,,,,,,,,,,,,,,,,,,,,,,,,,,,,,,,,,,,,,,,,,,,,
2019-11-18 00:26:53.045963,original,frontview2,3,True,0.83,200,0.10338681191205977,0.6470588445663452,-1,slidewindow n=5 mode=first,,,,,,,,,,,,,,,,,,,,,,,,,,,,,,,,,,,,,,,,,,,,,,,,,,,,,,,,,,,,,,,,,,,,,,,,,,,,,,,,,,,,,,,,,,,,,
2019-11-18 00:26:53.077230,original,frontview2,3,True,0.83,200,0.09269162267446518,0.6666666865348816,-1,slidewindow n=6 mode=first,,,,,,,,,,,,,,,,,,,,,,,,,,,,,,,,,,,,,,,,,,,,,,,,,,,,,,,,,,,,,,,,,,,,,,,,,,,,,,,,,,,,,,,,,,,,,
2019-11-18 00:26:53.124106,original,frontview2,3,True,0.83,200,0.09090909361839294,0.675579309463501,-1,slidewindow n=7 mode=first,,,,,,,,,,,,,,,,,,,,,,,,,,,,,,,,,,,,,,,,,,,,,,,,,,,,,,,,,,,,,,,,,,,,,,,,,,,,,,,,,,,,,,,,,,,,,
2019-11-18 00:26:53.155356,original,frontview2,3,True,0.83,200,0.08377896249294281,0.6399286985397339,-1,slidewindow n=3 mode=all,,,,,,,,,,,,,,,,,,,,,,,,,,,,,,,,,,,,,,,,,,,,,,,,,,,,,,,,,,,,,,,,,,,,,,,,,,,,,,,,,,,,,,,,,,,,,
2019-11-18 00:26:53.186601,original,frontview2,3,True,0.83,200,0.07664883881807327,0.6684492230415344,-1,slidewindow n=4 mode=all,,,,,,,,,,,,,,,,,,,,,,,,,,,,,,,,,,,,,,,,,,,,,,,,,,,,,,,,,,,,,,,,,,,,,,,,,,,,,,,,,,,,,,,,,,,,,
2019-11-18 00:26:53.217851,original,frontview2,3,True,0.83,200,0.07130124419927597,0.6880570650100708,-1,slidewindow n=5 mode=all,,,,,,,,,,,,,,,,,,,,,,,,,,,,,,,,,,,,,,,,,,,,,,,,,,,,,,,,,,,,,,,,,,,,,,,,,,,,,,,,,,,,,,,,,,,,,
2019-11-18 00:26:53.264726,original,frontview2,3,True,0.83,200,0.06417112052440642,0.6951871514320374,-1,slidewindow n=6 mode=all,,,,,,,,,,,,,,,,,,,,,,,,,,,,,,,,,,,,,,,,,,,,,,,,,,,,,,,,,,,,,,,,,,,,,,,,,,,,,,,,,,,,,,,,,,,,,
2019-11-18 00:26:53.295976,original,frontview2,3,True,0.83,200,0.0623885914683342,0.7147949934005737,-1,slidewindow n=7 mode=all,,,,,,,,,,,,,,,,,,,,,,,,,,,,,,,,,,,,,,,,,,,,,,,,,,,,,,,,,,,,,,,,,,,,,,,,,,,,,,,,,,,,,,,,,,,,,
2019-11-18 00:27:20.515333,original,frontview2,3,False,0.83,200,0.17825311422348022,0.5668449401855469,-1,,,,,,,,,,,,,,,,,,,,,,,,,,,,,,,,,,,,,,,,,,,,,,,,,,,,,,,,,,,,,,,,,,,,,,,,,,,,,,,,,,,,,,,,,,,,,,
2019-11-18 00:27:20.564317,original,frontview2,3,False,0.83,200,0.1408199667930603,0.602495551109314,-1,slidewindow n=3 mode=first,,,,,,,,,,,,,,,,,,,,,,,,,,,,,,,,,,,,,,,,,,,,,,,,,,,,,,,,,,,,,,,,,,,,,,,,,,,,,,,,,,,,,,,,,,,,,
2019-11-18 00:27:20.608303,original,frontview2,3,False,0.83,200,0.11764705926179884,0.6310160160064697,-1,slidewindow n=4 mode=first,,,,,,,,,,,,,,,,,,,,,,,,,,,,,,,,,,,,,,,,,,,,,,,,,,,,,,,,,,,,,,,,,,,,,,,,,,,,,,,,,,,,,,,,,,,,,
2019-11-18 00:27:20.640320,original,frontview2,3,False,0.83,200,0.10160427540540697,0.6452763080596924,-1,slidewindow n=5 mode=first,,,,,,,,,,,,,,,,,,,,,,,,,,,,,,,,,,,,,,,,,,,,,,,,,,,,,,,,,,,,,,,,,,,,,,,,,,,,,,,,,,,,,,,,,,,,,
2019-11-18 00:27:20.671571,original,frontview2,3,False,0.83,200,0.09269162267446518,0.6648841500282288,-1,slidewindow n=6 mode=first,,,,,,,,,,,,,,,,,,,,,,,,,,,,,,,,,,,,,,,,,,,,,,,,,,,,,,,,,,,,,,,,,,,,,,,,,,,,,,,,,,,,,,,,,,,,,
2019-11-18 00:27:20.718445,original,frontview2,3,False,0.83,200,0.08556149899959564,0.6648841500282288,-1,slidewindow n=7 mode=first,,,,,,,,,,,,,,,,,,,,,,,,,,,,,,,,,,,,,,,,,,,,,,,,,,,,,,,,,,,,,,,,,,,,,,,,,,,,,,,,,,,,,,,,,,,,,
2019-11-18 00:27:20.749714,original,frontview2,3,False,0.83,200,0.08556149899959564,0.5935828685760498,-1,slidewindow n=3 mode=all,,,,,,,,,,,,,,,,,,,,,,,,,,,,,,,,,,,,,,,,,,,,,,,,,,,,,,,,,,,,,,,,,,,,,,,,,,,,,,,,,,,,,,,,,,,,,
2019-11-18 00:27:20.780962,original,frontview2,3,False,0.83,200,0.07486630976200104,0.6060606241226196,-1,slidewindow n=4 mode=all,,,,,,,,,,,,,,,,,,,,,,,,,,,,,,,,,,,,,,,,,,,,,,,,,,,,,,,,,,,,,,,,,,,,,,,,,,,,,,,,,,,,,,,,,,,,,
2019-11-18 00:27:20.812208,original,frontview2,3,False,0.83,200,0.07664883881807327,0.6221033930778503,-1,slidewindow n=5 mode=all,,,,,,,,,,,,,,,,,,,,,,,,,,,,,,,,,,,,,,,,,,,,,,,,,,,,,,,,,,,,,,,,,,,,,,,,,,,,,,,,,,,,,,,,,,,,,
2019-11-18 00:27:20.859082,original,frontview2,3,False,0.83,200,0.07486630976200104,0.625668466091156,-1,slidewindow n=6 mode=all,,,,,,,,,,,,,,,,,,,,,,,,,,,,,,,,,,,,,,,,,,,,,,,,,,,,,,,,,,,,,,,,,,,,,,,,,,,,,,,,,,,,,,,,,,,,,
2019-11-18 00:27:20.904363,original,frontview2,3,False,0.83,200,0.07130124419927597,0.6203208565711975,-1,slidewindow n=7 mode=all,,,,,,,,,,,,,,,,,,,,,,,,,,,,,,,,,,,,,,,,,,,,,,,,,,,,,,,,,,,,,,,,,,,,,,,,,,,,,,,,,,,,,,,,,,,,,
2019-11-18 00:27:46.550308,original,floor2,3,True,0.83,200,0.4073359072208405,0.5115830302238464,-1,,,,,,,,,,,,,,,,,,,,,,,,,,,,,,,,,,,,,,,,,,,,,,,,,,,,,,,,,,,,,,,,,,,,,,,,,,,,,,,,,,,,,,,,,,,,,,
2019-11-18 00:27:46.603289,original,floor2,3,True,0.83,200,0.3918918967247009,0.5559845566749573,-1,slidewindow n=3 mode=first,,,,,,,,,,,,,,,,,,,,,,,,,,,,,,,,,,,,,,,,,,,,,,,,,,,,,,,,,,,,,,,,,,,,,,,,,,,,,,,,,,,,,,,,,,,,,
2019-11-18 00:27:46.651274,original,floor2,3,True,0.83,200,0.3513513505458832,0.5752895474433899,-1,slidewindow n=4 mode=first,,,,,,,,,,,,,,,,,,,,,,,,,,,,,,,,,,,,,,,,,,,,,,,,,,,,,,,,,,,,,,,,,,,,,,,,,,,,,,,,,,,,,,,,,,,,,
2019-11-18 00:27:46.686925,original,floor2,3,True,0.83,200,0.3146718144416809,0.5984556078910828,-1,slidewindow n=5 mode=first,,,,,,,,,,,,,,,,,,,,,,,,,,,,,,,,,,,,,,,,,,,,,,,,,,,,,,,,,,,,,,,,,,,,,,,,,,,,,,,,,,,,,,,,,,,,,
2019-11-18 00:27:46.718174,original,floor2,3,True,0.83,200,0.27799227833747864,0.6023166179656982,-1,slidewindow n=6 mode=first,,,,,,,,,,,,,,,,,,,,,,,,,,,,,,,,,,,,,,,,,,,,,,,,,,,,,,,,,,,,,,,,,,,,,,,,,,,,,,,,,,,,,,,,,,,,,
2019-11-18 00:27:46.765050,original,floor2,3,True,0.83,200,0.2548262476921081,0.6081081032752991,-1,slidewindow n=7 mode=first,,,,,,,,,,,,,,,,,,,,,,,,,,,,,,,,,,,,,,,,,,,,,,,,,,,,,,,,,,,,,,,,,,,,,,,,,,,,,,,,,,,,,,,,,,,,,
2019-11-18 00:27:46.796312,original,floor2,3,True,0.83,200,0.2471042424440384,0.5521235466003418,-1,slidewindow n=3 mode=all,,,,,,,,,,,,,,,,,,,,,,,,,,,,,,,,,,,,,,,,,,,,,,,,,,,,,,,,,,,,,,,,,,,,,,,,,,,,,,,,,,,,,,,,,,,,,
2019-11-18 00:27:46.827562,original,floor2,3,True,0.83,200,0.2084942013025284,0.5559845566749573,-1,slidewindow n=4 mode=all,,,,,,,,,,,,,,,,,,,,,,,,,,,,,,,,,,,,,,,,,,,,,,,,,,,,,,,,,,,,,,,,,,,,,,,,,,,,,,,,,,,,,,,,,,,,,
2019-11-18 00:27:46.874436,original,floor2,3,True,0.83,200,0.20077219605445865,0.5656370520591736,-1,slidewindow n=5 mode=all,,,,,,,,,,,,,,,,,,,,,,,,,,,,,,,,,,,,,,,,,,,,,,,,,,,,,,,,,,,,,,,,,,,,,,,,,,,,,,,,,,,,,,,,,,,,,
2019-11-18 00:27:46.905686,original,floor2,3,True,0.83,200,0.19691120088100436,0.5714285969734192,-1,slidewindow n=6 mode=all,,,,,,,,,,,,,,,,,,,,,,,,,,,,,,,,,,,,,,,,,,,,,,,,,,,,,,,,,,,,,,,,,,,,,,,,,,,,,,,,,,,,,,,,,,,,,
2019-11-18 00:27:46.936937,original,floor2,3,True,0.83,200,0.1660231649875641,0.5675675868988037,-1,slidewindow n=7 mode=all,,,,,,,,,,,,,,,,,,,,,,,,,,,,,,,,,,,,,,,,,,,,,,,,,,,,,,,,,,,,,,,,,,,,,,,,,,,,,,,,,,,,,,,,,,,,,
2019-11-18 00:28:11.737797,original,floor2,3,False,0.83,200,0.3474903404712677,0.4826254844665527,-1,,,,,,,,,,,,,,,,,,,,,,,,,,,,,,,,,,,,,,,,,,,,,,,,,,,,,,,,,,,,,,,,,,,,,,,,,,,,,,,,,,,,,,,,,,,,,,
2019-11-18 00:28:11.782796,original,floor2,3,False,0.83,200,0.3281853199005127,0.5057914853096008,-1,slidewindow n=3 mode=first,,,,,,,,,,,,,,,,,,,,,,,,,,,,,,,,,,,,,,,,,,,,,,,,,,,,,,,,,,,,,,,,,,,,,,,,,,,,,,,,,,,,,,,,,,,,,
2019-11-18 00:28:11.835766,original,floor2,3,False,0.83,200,0.2895752787590027,0.5308880209922789,-1,slidewindow n=4 mode=first,,,,,,,,,,,,,,,,,,,,,,,,,,,,,,,,,,,,,,,,,,,,,,,,,,,,,,,,,,,,,,,,,,,,,,,,,,,,,,,,,,,,,,,,,,,,,
2019-11-18 00:28:11.874410,original,floor2,3,False,0.83,200,0.2741312682628632,0.5405405163764954,-1,slidewindow n=5 mode=first,,,,,,,,,,,,,,,,,,,,,,,,,,,,,,,,,,,,,,,,,,,,,,,,,,,,,,,,,,,,,,,,,,,,,,,,,,,,,,,,,,,,,,,,,,,,,
2019-11-18 00:28:11.920046,original,floor2,3,False,0.83,200,0.23938223719596866,0.5482625365257263,-1,slidewindow n=6 mode=first,,,,,,,,,,,,,,,,,,,,,,,,,,,,,,,,,,,,,,,,,,,,,,,,,,,,,,,,,,,,,,,,,,,,,,,,,,,,,,,,,,,,,,,,,,,,,
2019-11-18 00:28:11.951180,original,floor2,3,False,0.83,200,0.2046332061290741,0.5482625365257263,-1,slidewindow n=7 mode=first,,,,,,,,,,,,,,,,,,,,,,,,,,,,,,,,,,,,,,,,,,,,,,,,,,,,,,,,,,,,,,,,,,,,,,,,,,,,,,,,,,,,,,,,,,,,,
2019-11-18 00:28:12.013694,original,floor2,3,False,0.83,200,0.15637065470218658,0.5038610100746155,-1,slidewindow n=3 mode=all,,,,,,,,,,,,,,,,,,,,,,,,,,,,,,,,,,,,,,,,,,,,,,,,,,,,,,,,,,,,,,,,,,,,,,,,,,,,,,,,,,,,,,,,,,,,,
2019-11-18 00:28:12.044945,original,floor2,3,False,0.83,200,0.1332046389579773,0.5096524953842163,-1,slidewindow n=4 mode=all,,,,,,,,,,,,,,,,,,,,,,,,,,,,,,,,,,,,,,,,,,,,,,,,,,,,,,,,,,,,,,,,,,,,,,,,,,,,,,,,,,,,,,,,,,,,,
2019-11-18 00:28:12.091823,original,floor2,3,False,0.83,200,0.11583011597394945,0.5250965356826782,-1,slidewindow n=5 mode=all,,,,,,,,,,,,,,,,,,,,,,,,,,,,,,,,,,,,,,,,,,,,,,,,,,,,,,,,,,,,,,,,,,,,,,,,,,,,,,,,,,,,,,,,,,,,,
2019-11-18 00:28:12.138693,original,floor2,3,False,0.83,200,0.1100386083126068,0.5308880209922789,-1,slidewindow n=6 mode=all,,,,,,,,,,,,,,,,,,,,,,,,,,,,,,,,,,,,,,,,,,,,,,,,,,,,,,,,,,,,,,,,,,,,,,,,,,,,,,,,,,,,,,,,,,,,,
2019-11-18 00:28:12.169944,original,floor2,3,False,0.83,200,0.09652509540319444,0.5328185558319092,-1,slidewindow n=7 mode=all,,,,,,,,,,,,,,,,,,,,,,,,,,,,,,,,,,,,,,,,,,,,,,,,,,,,,,,,,,,,,,,,,,,,,,,,,,,,,,,,,,,,,,,,,,,,,
2019-11-18 00:28:39.363778,no-masked-trimed,wall,5,True,0.83,200,0.5816618800163269,0.6361031532287598,-1,,,,,,,,,,,,,,,,,,,,,,,,,,,,,,,,,,,,,,,,,,,,,,,,,,,,,,,,,,,,,,,,,,,,,,,,,,,,,,,,,,,,,,,,,,,,,,
2019-11-18 00:28:39.421759,no-masked-trimed,wall,5,True,0.83,200,0.5530086159706116,0.6905444264411926,-1,slidewindow n=3 mode=first,,,,,,,,,,,,,,,,,,,,,,,,,,,,,,,,,,,,,,,,,,,,,,,,,,,,,,,,,,,,,,,,,,,,,,,,,,,,,,,,,,,,,,,,,,,,,
2019-11-18 00:28:39.463746,no-masked-trimed,wall,5,True,0.83,200,0.5014326572418213,0.7020057439804077,-1,slidewindow n=4 mode=first,,,,,,,,,,,,,,,,,,,,,,,,,,,,,,,,,,,,,,,,,,,,,,,,,,,,,,,,,,,,,,,,,,,,,,,,,,,,,,,,,,,,,,,,,,,,,
2019-11-18 00:28:39.515012,no-masked-trimed,wall,5,True,0.83,200,0.4785100221633911,0.7134670615196228,-1,slidewindow n=5 mode=first,,,,,,,,,,,,,,,,,,,,,,,,,,,,,,,,,,,,,,,,,,,,,,,,,,,,,,,,,,,,,,,,,,,,,,,,,,,,,,,,,,,,,,,,,,,,,
2019-11-18 00:28:39.546262,no-masked-trimed,wall,5,True,0.83,200,0.4584527313709259,0.7277936935424805,-1,slidewindow n=6 mode=first,,,,,,,,,,,,,,,,,,,,,,,,,,,,,,,,,,,,,,,,,,,,,,,,,,,,,,,,,,,,,,,,,,,,,,,,,,,,,,,,,,,,,,,,,,,,,
2019-11-18 00:28:39.577512,no-masked-trimed,wall,5,True,0.83,200,0.4212034344673157,0.7335243821144104,-1,slidewindow n=7 mode=first,,,,,,,,,,,,,,,,,,,,,,,,,,,,,,,,,,,,,,,,,,,,,,,,,,,,,,,,,,,,,,,,,,,,,,,,,,,,,,,,,,,,,,,,,,,,,
2019-11-18 00:28:39.608762,no-masked-trimed,wall,5,True,0.83,200,0.4269340932369232,0.719197690486908,-1,slidewindow n=3 mode=all,,,,,,,,,,,,,,,,,,,,,,,,,,,,,,,,,,,,,,,,,,,,,,,,,,,,,,,,,,,,,,,,,,,,,,,,,,,,,,,,,,,,,,,,,,,,,
2019-11-18 00:28:39.655637,no-masked-trimed,wall,5,True,0.83,200,0.3810888230800629,0.7335243821144104,-1,slidewindow n=4 mode=all,,,,,,,,,,,,,,,,,,,,,,,,,,,,,,,,,,,,,,,,,,,,,,,,,,,,,,,,,,,,,,,,,,,,,,,,,,,,,,,,,,,,,,,,,,,,,
2019-11-18 00:28:39.686899,no-masked-trimed,wall,5,True,0.83,200,0.3467048704624176,0.7392550110816956,-1,slidewindow n=5 mode=all,,,,,,,,,,,,,,,,,,,,,,,,,,,,,,,,,,,,,,,,,,,,,,,,,,,,,,,,,,,,,,,,,,,,,,,,,,,,,,,,,,,,,,,,,,,,,
2019-11-18 00:28:39.733761,no-masked-trimed,wall,5,True,0.83,200,0.33237820863723755,0.7392550110816956,-1,slidewindow n=6 mode=all,,,,,,,,,,,,,,,,,,,,,,,,,,,,,,,,,,,,,,,,,,,,,,,,,,,,,,,,,,,,,,,,,,,,,,,,,,,,,,,,,,,,,,,,,,,,,
2019-11-18 00:28:39.765012,no-masked-trimed,wall,5,True,0.83,200,0.3065902590751648,0.7392550110816956,-1,slidewindow n=7 mode=all,,,,,,,,,,,,,,,,,,,,,,,,,,,,,,,,,,,,,,,,,,,,,,,,,,,,,,,,,,,,,,,,,,,,,,,,,,,,,,,,,,,,,,,,,,,,,
2019-11-18 00:28:58.872254,no-masked-trimed,wall,5,False,0.83,200,0.593123197555542,0.6590257883071899,-1,,,,,,,,,,,,,,,,,,,,,,,,,,,,,,,,,,,,,,,,,,,,,,,,,,,,,,,,,,,,,,,,,,,,,,,,,,,,,,,,,,,,,,,,,,,,,,
2019-11-18 00:28:58.921239,no-masked-trimed,wall,5,False,0.83,200,0.5673352479934692,0.7048710584640503,-1,slidewindow n=3 mode=first,,,,,,,,,,,,,,,,,,,,,,,,,,,,,,,,,,,,,,,,,,,,,,,,,,,,,,,,,,,,,,,,,,,,,,,,,,,,,,,,,,,,,,,,,,,,,
2019-11-18 00:28:58.966224,no-masked-trimed,wall,5,False,0.83,200,0.5272206068038939,0.7106017470359802,-1,slidewindow n=4 mode=first,,,,,,,,,,,,,,,,,,,,,,,,,,,,,,,,,,,,,,,,,,,,,,,,,,,,,,,,,,,,,,,,,,,,,,,,,,,,,,,,,,,,,,,,,,,,,
2019-11-18 00:28:59.014493,no-masked-trimed,wall,5,False,0.83,200,0.4756447076797485,0.7077363729476929,-1,slidewindow n=5 mode=first,,,,,,,,,,,,,,,,,,,,,,,,,,,,,,,,,,,,,,,,,,,,,,,,,,,,,,,,,,,,,,,,,,,,,,,,,,,,,,,,,,,,,,,,,,,,,
2019-11-18 00:28:59.045744,no-masked-trimed,wall,5,False,0.83,200,0.4326647520065308,0.7020057439804077,-1,slidewindow n=6 mode=first,,,,,,,,,,,,,,,,,,,,,,,,,,,,,,,,,,,,,,,,,,,,,,,,,,,,,,,,,,,,,,,,,,,,,,,,,,,,,,,,,,,,,,,,,,,,,
2019-11-18 00:28:59.092619,no-masked-trimed,wall,5,False,0.83,200,0.40401145815849293,0.7077363729476929,-1,slidewindow n=7 mode=first,,,,,,,,,,,,,,,,,,,,,,,,,,,,,,,,,,,,,,,,,,,,,,,,,,,,,,,,,,,,,,,,,,,,,,,,,,,,,,,,,,,,,,,,,,,,,
2019-11-18 00:28:59.123869,no-masked-trimed,wall,5,False,0.83,200,0.2148997187614441,0.6905444264411926,-1,slidewindow n=3 mode=all,,,,,,,,,,,,,,,,,,,,,,,,,,,,,,,,,,,,,,,,,,,,,,,,,,,,,,,,,,,,,,,,,,,,,,,,,,,,,,,,,,,,,,,,,,,,,
2019-11-18 00:28:59.155119,no-masked-trimed,wall,5,False,0.83,200,0.19197708368301392,0.7048710584640503,-1,slidewindow n=4 mode=all,,,,,,,,,,,,,,,,,,,,,,,,,,,,,,,,,,,,,,,,,,,,,,,,,,,,,,,,,,,,,,,,,,,,,,,,,,,,,,,,,,,,,,,,,,,,,
2019-11-18 00:28:59.186369,no-masked-trimed,wall,5,False,0.83,200,0.16618910431861875,0.7106017470359802,-1,slidewindow n=5 mode=all,,,,,,,,,,,,,,,,,,,,,,,,,,,,,,,,,,,,,,,,,,,,,,,,,,,,,,,,,,,,,,,,,,,,,,,,,,,,,,,,,,,,,,,,,,,,,
2019-11-18 00:28:59.233243,no-masked-trimed,wall,5,False,0.83,200,0.15759311616420746,0.7134670615196228,-1,slidewindow n=6 mode=all,,,,,,,,,,,,,,,,,,,,,,,,,,,,,,,,,,,,,,,,,,,,,,,,,,,,,,,,,,,,,,,,,,,,,,,,,,,,,,,,,,,,,,,,,,,,,
2019-11-18 00:28:59.264493,no-masked-trimed,wall,5,False,0.83,200,0.1547277867794037,0.7106017470359802,-1,slidewindow n=7 mode=all,,,,,,,,,,,,,,,,,,,,,,,,,,,,,,,,,,,,,,,,,,,,,,,,,,,,,,,,,,,,,,,,,,,,,,,,,,,,,,,,,,,,,,,,,,,,,
2019-11-18 00:29:27.803735,no-masked-trimed,frontview2,5,True,0.83,200,0.14438502490520475,0.5953654050827026,-1,,,,,,,,,,,,,,,,,,,,,,,,,,,,,,,,,,,,,,,,,,,,,,,,,,,,,,,,,,,,,,,,,,,,,,,,,,,,,,,,,,,,,,,,,,,,,,
2019-11-18 00:29:27.855716,no-masked-trimed,frontview2,5,True,0.83,200,0.13190731406211853,0.6417112350463867,-1,slidewindow n=3 mode=first,,,,,,,,,,,,,,,,,,,,,,,,,,,,,,,,,,,,,,,,,,,,,,,,,,,,,,,,,,,,,,,,,,,,,,,,,,,,,,,,,,,,,,,,,,,,,
2019-11-18 00:29:27.910699,no-masked-trimed,frontview2,5,True,0.83,200,0.10160427540540697,0.6684492230415344,-1,slidewindow n=4 mode=first,,,,,,,,,,,,,,,,,,,,,,,,,,,,,,,,,,,,,,,,,,,,,,,,,,,,,,,,,,,,,,,,,,,,,,,,,,,,,,,,,,,,,,,,,,,,,
2019-11-18 00:29:27.967607,no-masked-trimed,frontview2,5,True,0.83,200,0.0784313753247261,0.7058823704719543,-1,slidewindow n=5 mode=first,,,,,,,,,,,,,,,,,,,,,,,,,,,,,,,,,,,,,,,,,,,,,,,,,,,,,,,,,,,,,,,,,,,,,,,,,,,,,,,,,,,,,,,,,,,,,
2019-11-18 00:29:28.014482,no-masked-trimed,frontview2,5,True,0.83,200,0.0730837807059288,0.7254902124404907,-1,slidewindow n=6 mode=first,,,,,,,,,,,,,,,,,,,,,,,,,,,,,,,,,,,,,,,,,,,,,,,,,,,,,,,,,,,,,,,,,,,,,,,,,,,,,,,,,,,,,,,,,,,,,
2019-11-18 00:29:28.061357,no-masked-trimed,frontview2,5,True,0.83,200,0.06951871514320374,0.7379679083824158,-1,slidewindow n=7 mode=first,,,,,,,,,,,,,,,,,,,,,,,,,,,,,,,,,,,,,,,,,,,,,,,,,,,,,,,,,,,,,,,,,,,,,,,,,,,,,,,,,,,,,,,,,,,,,
2019-11-18 00:29:28.092607,no-masked-trimed,frontview2,5,True,0.83,200,0.11051693558692932,0.6951871514320374,-1,slidewindow n=3 mode=all,,,,,,,,,,,,,,,,,,,,,,,,,,,,,,,,,,,,,,,,,,,,,,,,,,,,,,,,,,,,,,,,,,,,,,,,,,,,,,,,,,,,,,,,,,,,,
2019-11-18 00:29:28.139495,no-masked-trimed,frontview2,5,True,0.83,200,0.09090909361839294,0.7237076759338379,-1,slidewindow n=4 mode=all,,,,,,,,,,,,,,,,,,,,,,,,,,,,,,,,,,,,,,,,,,,,,,,,,,,,,,,,,,,,,,,,,,,,,,,,,,,,,,,,,,,,,,,,,,,,,
2019-11-18 00:29:28.170744,no-masked-trimed,frontview2,5,True,0.83,200,0.07130124419927597,0.7486631274223328,-1,slidewindow n=5 mode=all,,,,,,,,,,,,,,,,,,,,,,,,,,,,,,,,,,,,,,,,,,,,,,,,,,,,,,,,,,,,,,,,,,,,,,,,,,,,,,,,,,,,,,,,,,,,,
2019-11-18 00:29:28.217620,no-masked-trimed,frontview2,5,True,0.83,200,0.06417112052440642,0.77183598279953,-1,slidewindow n=6 mode=all,,,,,,,,,,,,,,,,,,,,,,,,,,,,,,,,,,,,,,,,,,,,,,,,,,,,,,,,,,,,,,,,,,,,,,,,,,,,,,,,,,,,,,,,,,,,,
2019-11-18 00:29:28.264499,no-masked-trimed,frontview2,5,True,0.83,200,0.06060606241226196,0.7843137383460999,-1,slidewindow n=7 mode=all,,,,,,,,,,,,,,,,,,,,,,,,,,,,,,,,,,,,,,,,,,,,,,,,,,,,,,,,,,,,,,,,,,,,,,,,,,,,,,,,,,,,,,,,,,,,,
2019-11-18 00:29:55.731003,no-masked-trimed,frontview2,5,False,0.83,200,0.21212121844291687,0.5579322576522827,-1,,,,,,,,,,,,,,,,,,,,,,,,,,,,,,,,,,,,,,,,,,,,,,,,,,,,,,,,,,,,,,,,,,,,,,,,,,,,,,,,,,,,,,,,,,,,,,
2019-11-18 00:29:55.888954,no-masked-trimed,frontview2,5,False,0.83,200,0.1871657818555832,0.5900177955627441,-1,slidewindow n=3 mode=first,,,,,,,,,,,,,,,,,,,,,,,,,,,,,,,,,,,,,,,,,,,,,,,,,,,,,,,,,,,,,,,,,,,,,,,,,,,,,,,,,,,,,,,,,,,,,
2019-11-18 00:29:55.952483,no-masked-trimed,frontview2,5,False,0.83,200,0.16755792498588562,0.6310160160064697,-1,slidewindow n=4 mode=first,,,,,,,,,,,,,,,,,,,,,,,,,,,,,,,,,,,,,,,,,,,,,,,,,,,,,,,,,,,,,,,,,,,,,,,,,,,,,,,,,,,,,,,,,,,,,
2019-11-18 00:29:56.014994,no-masked-trimed,frontview2,5,False,0.83,200,0.15329767763614655,0.6399286985397339,-1,slidewindow n=5 mode=first,,,,,,,,,,,,,,,,,,,,,,,,,,,,,,,,,,,,,,,,,,,,,,,,,,,,,,,,,,,,,,,,,,,,,,,,,,,,,,,,,,,,,,,,,,,,,
2019-11-18 00:29:56.061868,no-masked-trimed,frontview2,5,False,0.83,200,0.1247771829366684,0.6434937715530396,-1,slidewindow n=6 mode=first,,,,,,,,,,,,,,,,,,,,,,,,,,,,,,,,,,,,,,,,,,,,,,,,,,,,,,,,,,,,,,,,,,,,,,,,,,,,,,,,,,,,,,,,,,,,,
2019-11-18 00:29:56.093125,no-masked-trimed,frontview2,5,False,0.83,200,0.11051693558692932,0.6488413810729979,-1,slidewindow n=7 mode=first,,,,,,,,,,,,,,,,,,,,,,,,,,,,,,,,,,,,,,,,,,,,,,,,,,,,,,,,,,,,,,,,,,,,,,,,,,,,,,,,,,,,,,,,,,,,,
2019-11-18 00:29:56.139997,no-masked-trimed,frontview2,5,False,0.83,200,0.08021390438079834,0.614973247051239,-1,slidewindow n=3 mode=all,,,,,,,,,,,,,,,,,,,,,,,,,,,,,,,,,,,,,,,,,,,,,,,,,,,,,,,,,,,,,,,,,,,,,,,,,,,,,,,,,,,,,,,,,,,,,
2019-11-18 00:29:56.186868,no-masked-trimed,frontview2,5,False,0.83,200,0.0623885914683342,0.6434937715530396,-1,slidewindow n=4 mode=all,,,,,,,,,,,,,,,,,,,,,,,,,,,,,,,,,,,,,,,,,,,,,,,,,,,,,,,,,,,,,,,,,,,,,,,,,,,,,,,,,,,,,,,,,,,,,
2019-11-18 00:29:56.218120,no-masked-trimed,frontview2,5,False,0.83,200,0.053475935012102134,0.6684492230415344,-1,slidewindow n=5 mode=all,,,,,,,,,,,,,,,,,,,,,,,,,,,,,,,,,,,,,,,,,,,,,,,,,,,,,,,,,,,,,,,,,,,,,,,,,,,,,,,,,,,,,,,,,,,,,
2019-11-18 00:29:56.264993,no-masked-trimed,frontview2,5,False,0.83,200,0.04634581133723259,0.6827094554901123,-1,slidewindow n=6 mode=all,,,,,,,,,,,,,,,,,,,,,,,,,,,,,,,,,,,,,,,,,,,,,,,,,,,,,,,,,,,,,,,,,,,,,,,,,,,,,,,,,,,,,,,,,,,,,
2019-11-18 00:29:56.311868,no-masked-trimed,frontview2,5,False,0.83,200,0.05525846779346466,0.6898396015167236,-1,slidewindow n=7 mode=all,,,,,,,,,,,,,,,,,,,,,,,,,,,,,,,,,,,,,,,,,,,,,,,,,,,,,,,,,,,,,,,,,,,,,,,,,,,,,,,,,,,,,,,,,,,,,
2019-11-18 00:30:21.456966,no-masked-trimed,floor2,5,True,0.83,200,0.4401544332504273,0.5096524953842163,-1,,,,,,,,,,,,,,,,,,,,,,,,,,,,,,,,,,,,,,,,,,,,,,,,,,,,,,,,,,,,,,,,,,,,,,,,,,,,,,,,,,,,,,,,,,,,,,
2019-11-18 00:30:21.513948,no-masked-trimed,floor2,5,True,0.83,200,0.4189189076423645,0.5656370520591736,-1,slidewindow n=3 mode=first,,,,,,,,,,,,,,,,,,,,,,,,,,,,,,,,,,,,,,,,,,,,,,,,,,,,,,,,,,,,,,,,,,,,,,,,,,,,,,,,,,,,,,,,,,,,,
2019-11-18 00:30:21.561932,no-masked-trimed,floor2,5,True,0.83,200,0.3899613916873932,0.5888031125068665,-1,slidewindow n=4 mode=first,,,,,,,,,,,,,,,,,,,,,,,,,,,,,,,,,,,,,,,,,,,,,,,,,,,,,,,,,,,,,,,,,,,,,,,,,,,,,,,,,,,,,,,,,,,,,
2019-11-18 00:30:21.607581,no-masked-trimed,floor2,5,True,0.83,200,0.3513513505458832,0.6177605986595154,-1,slidewindow n=5 mode=first,,,,,,,,,,,,,,,,,,,,,,,,,,,,,,,,,,,,,,,,,,,,,,,,,,,,,,,,,,,,,,,,,,,,,,,,,,,,,,,,,,,,,,,,,,,,,
2019-11-18 00:30:21.654341,no-masked-trimed,floor2,5,True,0.83,200,0.31081080436706543,0.6254826188087463,-1,slidewindow n=6 mode=first,,,,,,,,,,,,,,,,,,,,,,,,,,,,,,,,,,,,,,,,,,,,,,,,,,,,,,,,,,,,,,,,,,,,,,,,,,,,,,,,,,,,,,,,,,,,,
2019-11-18 00:30:21.685592,no-masked-trimed,floor2,5,True,0.83,200,0.26447877287864685,0.6447876691818237,-1,slidewindow n=7 mode=first,,,,,,,,,,,,,,,,,,,,,,,,,,,,,,,,,,,,,,,,,,,,,,,,,,,,,,,,,,,,,,,,,,,,,,,,,,,,,,,,,,,,,,,,,,,,,
2019-11-18 00:30:21.732479,no-masked-trimed,floor2,5,True,0.83,200,0.2818532884120941,0.5810810923576355,-1,slidewindow n=3 mode=all,,,,,,,,,,,,,,,,,,,,,,,,,,,,,,,,,,,,,,,,,,,,,,,,,,,,,,,,,,,,,,,,,,,,,,,,,,,,,,,,,,,,,,,,,,,,,
2019-11-18 00:30:21.763729,no-masked-trimed,floor2,5,True,0.83,200,0.2471042424440384,0.6081081032752991,-1,slidewindow n=4 mode=all,,,,,,,,,,,,,,,,,,,,,,,,,,,,,,,,,,,,,,,,,,,,,,,,,,,,,,,,,,,,,,,,,,,,,,,,,,,,,,,,,,,,,,,,,,,,,
2019-11-18 00:30:21.810604,no-masked-trimed,floor2,5,True,0.83,200,0.22972972691059115,0.6274131536483765,-1,slidewindow n=5 mode=all,,,,,,,,,,,,,,,,,,,,,,,,,,,,,,,,,,,,,,,,,,,,,,,,,,,,,,,,,,,,,,,,,,,,,,,,,,,,,,,,,,,,,,,,,,,,,
2019-11-18 00:30:21.857479,no-masked-trimed,floor2,5,True,0.83,200,0.2200772166252136,0.6351351141929626,-1,slidewindow n=6 mode=all,,,,,,,,,,,,,,,,,,,,,,,,,,,,,,,,,,,,,,,,,,,,,,,,,,,,,,,,,,,,,,,,,,,,,,,,,,,,,,,,,,,,,,,,,,,,,
2019-11-18 00:30:21.888729,no-masked-trimed,floor2,5,True,0.83,200,0.21235521137714386,0.6370656490325928,-1,slidewindow n=7 mode=all,,,,,,,,,,,,,,,,,,,,,,,,,,,,,,,,,,,,,,,,,,,,,,,,,,,,,,,,,,,,,,,,,,,,,,,,,,,,,,,,,,,,,,,,,,,,,
2019-11-18 00:30:47.241922,no-masked-trimed,floor2,5,False,0.83,200,0.42277991771698,0.5057914853096008,-1,,,,,,,,,,,,,,,,,,,,,,,,,,,,,,,,,,,,,,,,,,,,,,,,,,,,,,,,,,,,,,,,,,,,,,,,,,,,,,,,,,,,,,,,,,,,,,
2019-11-18 00:30:47.291905,no-masked-trimed,floor2,5,False,0.83,200,0.3938224017620087,0.5328185558319092,-1,slidewindow n=3 mode=first,,,,,,,,,,,,,,,,,,,,,,,,,,,,,,,,,,,,,,,,,,,,,,,,,,,,,,,,,,,,,,,,,,,,,,,,,,,,,,,,,,,,,,,,,,,,,
2019-11-18 00:30:47.347887,no-masked-trimed,floor2,5,False,0.83,200,0.3474903404712677,0.5598455667495728,-1,slidewindow n=4 mode=first,,,,,,,,,,,,,,,,,,,,,,,,,,,,,,,,,,,,,,,,,,,,,,,,,,,,,,,,,,,,,,,,,,,,,,,,,,,,,,,,,,,,,,,,,,,,,
2019-11-18 00:30:47.390164,no-masked-trimed,floor2,5,False,0.83,200,0.2915057837963104,0.5521235466003418,-1,slidewindow n=5 mode=first,,,,,,,,,,,,,,,,,,,,,,,,,,,,,,,,,,,,,,,,,,,,,,,,,,,,,,,,,,,,,,,,,,,,,,,,,,,,,,,,,,,,,,,,,,,,,
2019-11-18 00:30:47.437041,no-masked-trimed,floor2,5,False,0.83,200,0.2509652376174927,0.5637065768241882,-1,slidewindow n=6 mode=first,,,,,,,,,,,,,,,,,,,,,,,,,,,,,,,,,,,,,,,,,,,,,,,,,,,,,,,,,,,,,,,,,,,,,,,,,,,,,,,,,,,,,,,,,,,,,
2019-11-18 00:30:47.483927,no-masked-trimed,floor2,5,False,0.83,200,0.2335907369852066,0.5714285969734192,-1,slidewindow n=7 mode=first,,,,,,,,,,,,,,,,,,,,,,,,,,,,,,,,,,,,,,,,,,,,,,,,,,,,,,,,,,,,,,,,,,,,,,,,,,,,,,,,,,,,,,,,,,,,,
2019-11-18 00:30:47.529395,no-masked-trimed,floor2,5,False,0.83,200,0.2084942013025284,0.5250965356826782,-1,slidewindow n=3 mode=all,,,,,,,,,,,,,,,,,,,,,,,,,,,,,,,,,,,,,,,,,,,,,,,,,,,,,,,,,,,,,,,,,,,,,,,,,,,,,,,,,,,,,,,,,,,,,
2019-11-18 00:30:47.576352,no-masked-trimed,floor2,5,False,0.83,200,0.14864864945411682,0.5328185558319092,-1,slidewindow n=4 mode=all,,,,,,,,,,,,,,,,,,,,,,,,,,,,,,,,,,,,,,,,,,,,,,,,,,,,,,,,,,,,,,,,,,,,,,,,,,,,,,,,,,,,,,,,,,,,,
2019-11-18 00:30:47.623136,no-masked-trimed,floor2,5,False,0.83,200,0.14671814441680908,0.5540540814399719,-1,slidewindow n=5 mode=all,,,,,,,,,,,,,,,,,,,,,,,,,,,,,,,,,,,,,,,,,,,,,,,,,,,,,,,,,,,,,,,,,,,,,,,,,,,,,,,,,,,,,,,,,,,,,
2019-11-18 00:30:47.669810,no-masked-trimed,floor2,5,False,0.83,200,0.13513512909412384,0.5559845566749573,-1,slidewindow n=6 mode=all,,,,,,,,,,,,,,,,,,,,,,,,,,,,,,,,,,,,,,,,,,,,,,,,,,,,,,,,,,,,,,,,,,,,,,,,,,,,,,,,,,,,,,,,,,,,,
2019-11-18 00:30:47.701074,no-masked-trimed,floor2,5,False,0.83,200,0.11776062101125714,0.5637065768241882,-1,slidewindow n=7 mode=all,,,,,,,,,,,,,,,,,,,,,,,,,,,,,,,,,,,,,,,,,,,,,,,,,,,,,,,,,,,,,,,,,,,,,,,,,,,,,,,,,,,,,,,,,,,,,
2019-11-18 00:31:17.659887,original,wall,5,True,0.83,200,0.6590257883071899,0.6590257883071899,-1,,,,,,,,,,,,,,,,,,,,,,,,,,,,,,,,,,,,,,,,,,,,,,,,,,,,,,,,,,,,,,,,,,,,,,,,,,,,,,,,,,,,,,,,,,,,,,
2019-11-18 00:31:17.713868,original,wall,5,True,0.83,200,0.6504297852516174,0.7020057439804077,-1,slidewindow n=3 mode=first,,,,,,,,,,,,,,,,,,,,,,,,,,,,,,,,,,,,,,,,,,,,,,,,,,,,,,,,,,,,,,,,,,,,,,,,,,,,,,,,,,,,,,,,,,,,,
2019-11-18 00:31:17.764873,original,wall,5,True,0.83,200,0.6017192006111145,0.7106017470359802,-1,slidewindow n=4 mode=first,,,,,,,,,,,,,,,,,,,,,,,,,,,,,,,,,,,,,,,,,,,,,,,,,,,,,,,,,,,,,,,,,,,,,,,,,,,,,,,,,,,,,,,,,,,,,
2019-11-18 00:31:17.827374,original,wall,5,True,0.83,200,0.5673352479934692,0.7163323760032654,-1,slidewindow n=5 mode=first,,,,,,,,,,,,,,,,,,,,,,,,,,,,,,,,,,,,,,,,,,,,,,,,,,,,,,,,,,,,,,,,,,,,,,,,,,,,,,,,,,,,,,,,,,,,,
2019-11-18 00:31:17.858624,original,wall,5,True,0.83,200,0.5272206068038939,0.7134670615196228,-1,slidewindow n=6 mode=first,,,,,,,,,,,,,,,,,,,,,,,,,,,,,,,,,,,,,,,,,,,,,,,,,,,,,,,,,,,,,,,,,,,,,,,,,,,,,,,,,,,,,,,,,,,,,
2019-11-18 00:31:17.905517,original,wall,5,True,0.83,200,0.4985673427581787,0.719197690486908,-1,slidewindow n=7 mode=first,,,,,,,,,,,,,,,,,,,,,,,,,,,,,,,,,,,,,,,,,,,,,,,,,,,,,,,,,,,,,,,,,,,,,,,,,,,,,,,,,,,,,,,,,,,,,
2019-11-18 00:31:17.951260,original,wall,5,True,0.83,200,0.4326647520065308,0.7134670615196228,-1,slidewindow n=3 mode=all,,,,,,,,,,,,,,,,,,,,,,,,,,,,,,,,,,,,,,,,,,,,,,,,,,,,,,,,,,,,,,,,,,,,,,,,,,,,,,,,,,,,,,,,,,,,,
2019-11-18 00:31:17.997946,original,wall,5,True,0.83,200,0.392550140619278,0.7277936935424805,-1,slidewindow n=4 mode=all,,,,,,,,,,,,,,,,,,,,,,,,,,,,,,,,,,,,,,,,,,,,,,,,,,,,,,,,,,,,,,,,,,,,,,,,,,,,,,,,,,,,,,,,,,,,,
2019-11-18 00:31:18.044804,original,wall,5,True,0.83,200,0.3581661880016327,0.7421203255653381,-1,slidewindow n=5 mode=all,,,,,,,,,,,,,,,,,,,,,,,,,,,,,,,,,,,,,,,,,,,,,,,,,,,,,,,,,,,,,,,,,,,,,,,,,,,,,,,,,,,,,,,,,,,,,
2019-11-18 00:31:18.091678,original,wall,5,True,0.83,200,0.32664754986763,0.7306590080261229,-1,slidewindow n=6 mode=all,,,,,,,,,,,,,,,,,,,,,,,,,,,,,,,,,,,,,,,,,,,,,,,,,,,,,,,,,,,,,,,,,,,,,,,,,,,,,,,,,,,,,,,,,,,,,
2019-11-18 00:31:18.138554,original,wall,5,True,0.83,200,0.3237822353839874,0.736389696598053,-1,slidewindow n=7 mode=all,,,,,,,,,,,,,,,,,,,,,,,,,,,,,,,,,,,,,,,,,,,,,,,,,,,,,,,,,,,,,,,,,,,,,,,,,,,,,,,,,,,,,,,,,,,,,
2019-11-18 00:31:37.307798,original,wall,5,False,0.83,200,0.6618911027908325,0.6160458326339722,-1,,,,,,,,,,,,,,,,,,,,,,,,,,,,,,,,,,,,,,,,,,,,,,,,,,,,,,,,,,,,,,,,,,,,,,,,,,,,,,,,,,,,,,,,,,,,,,
2019-11-18 00:31:37.370778,original,wall,5,False,0.83,200,0.6361031532287598,0.6332378387451172,-1,slidewindow n=3 mode=first,,,,,,,,,,,,,,,,,,,,,,,,,,,,,,,,,,,,,,,,,,,,,,,,,,,,,,,,,,,,,,,,,,,,,,,,,,,,,,,,,,,,,,,,,,,,,
2019-11-18 00:31:37.420789,original,wall,5,False,0.83,200,0.5959885120391846,0.6275071501731873,-1,slidewindow n=4 mode=first,,,,,,,,,,,,,,,,,,,,,,,,,,,,,,,,,,,,,,,,,,,,,,,,,,,,,,,,,,,,,,,,,,,,,,,,,,,,,,,,,,,,,,,,,,,,,
2019-11-18 00:31:37.483290,original,wall,5,False,0.83,200,0.5386819243431091,0.6246418356895447,-1,slidewindow n=5 mode=first,,,,,,,,,,,,,,,,,,,,,,,,,,,,,,,,,,,,,,,,,,,,,,,,,,,,,,,,,,,,,,,,,,,,,,,,,,,,,,,,,,,,,,,,,,,,,
2019-11-18 00:31:37.530165,original,wall,5,False,0.83,200,0.5014326572418213,0.6131805181503296,-1,slidewindow n=6 mode=first,,,,,,,,,,,,,,,,,,,,,,,,,,,,,,,,,,,,,,,,,,,,,,,,,,,,,,,,,,,,,,,,,,,,,,,,,,,,,,,,,,,,,,,,,,,,,
2019-11-18 00:31:37.592665,original,wall,5,False,0.83,200,0.4842406809329986,0.6074498295783997,-1,slidewindow n=7 mode=first,,,,,,,,,,,,,,,,,,,,,,,,,,,,,,,,,,,,,,,,,,,,,,,,,,,,,,,,,,,,,,,,,,,,,,,,,,,,,,,,,,,,,,,,,,,,,
2019-11-18 00:31:37.639540,original,wall,5,False,0.83,200,0.33237820863723755,0.6389684677124023,-1,slidewindow n=3 mode=all,,,,,,,,,,,,,,,,,,,,,,,,,,,,,,,,,,,,,,,,,,,,,,,,,,,,,,,,,,,,,,,,,,,,,,,,,,,,,,,,,,,,,,,,,,,,,
2019-11-18 00:31:37.686430,original,wall,5,False,0.83,200,0.266475647687912,0.6418337821960449,-1,slidewindow n=4 mode=all,,,,,,,,,,,,,,,,,,,,,,,,,,,,,,,,,,,,,,,,,,,,,,,,,,,,,,,,,,,,,,,,,,,,,,,,,,,,,,,,,,,,,,,,,,,,,
2019-11-18 00:31:37.733302,original,wall,5,False,0.83,200,0.24928367137908936,0.6446991562843323,-1,slidewindow n=5 mode=all,,,,,,,,,,,,,,,,,,,,,,,,,,,,,,,,,,,,,,,,,,,,,,,,,,,,,,,,,,,,,,,,,,,,,,,,,,,,,,,,,,,,,,,,,,,,,
2019-11-18 00:31:37.764552,original,wall,5,False,0.83,200,0.21776504814624786,0.6361031532287598,-1,slidewindow n=6 mode=all,,,,,,,,,,,,,,,,,,,,,,,,,,,,,,,,,,,,,,,,,,,,,,,,,,,,,,,,,,,,,,,,,,,,,,,,,,,,,,,,,,,,,,,,,,,,,
2019-11-18 00:31:37.811414,original,wall,5,False,0.83,200,0.20057307183742526,0.6361031532287598,-1,slidewindow n=7 mode=all,,,,,,,,,,,,,,,,,,,,,,,,,,,,,,,,,,,,,,,,,,,,,,,,,,,,,,,,,,,,,,,,,,,,,,,,,,,,,,,,,,,,,,,,,,,,,
2019-11-18 00:32:05.966121,original,frontview2,5,True,0.83,200,0.2442067712545395,0.591800332069397,-1,,,,,,,,,,,,,,,,,,,,,,,,,,,,,,,,,,,,,,,,,,,,,,,,,,,,,,,,,,,,,,,,,,,,,,,,,,,,,,,,,,,,,,,,,,,,,,
2019-11-18 00:32:06.025101,original,frontview2,5,True,0.83,200,0.2335115820169449,0.6452763080596924,-1,slidewindow n=3 mode=first,,,,,,,,,,,,,,,,,,,,,,,,,,,,,,,,,,,,,,,,,,,,,,,,,,,,,,,,,,,,,,,,,,,,,,,,,,,,,,,,,,,,,,,,,,,,,
2019-11-18 00:32:06.077110,original,frontview2,5,True,0.83,200,0.2032085508108139,0.6595365405082703,-1,slidewindow n=4 mode=first,,,,,,,,,,,,,,,,,,,,,,,,,,,,,,,,,,,,,,,,,,,,,,,,,,,,,,,,,,,,,,,,,,,,,,,,,,,,,,,,,,,,,,,,,,,,,
2019-11-18 00:32:06.123985,original,frontview2,5,True,0.83,200,0.17825311422348022,0.6880570650100708,-1,slidewindow n=5 mode=first,,,,,,,,,,,,,,,,,,,,,,,,,,,,,,,,,,,,,,,,,,,,,,,,,,,,,,,,,,,,,,,,,,,,,,,,,,,,,,,,,,,,,,,,,,,,,
2019-11-18 00:32:06.170861,original,frontview2,5,True,0.83,200,0.1622103452682495,0.7058823704719543,-1,slidewindow n=6 mode=first,,,,,,,,,,,,,,,,,,,,,,,,,,,,,,,,,,,,,,,,,,,,,,,,,,,,,,,,,,,,,,,,,,,,,,,,,,,,,,,,,,,,,,,,,,,,,
2019-11-18 00:32:06.217748,original,frontview2,5,True,0.83,200,0.14260248839855194,0.7254902124404907,-1,slidewindow n=7 mode=first,,,,,,,,,,,,,,,,,,,,,,,,,,,,,,,,,,,,,,,,,,,,,,,,,,,,,,,,,,,,,,,,,,,,,,,,,,,,,,,,,,,,,,,,,,,,,
2019-11-18 00:32:06.264622,original,frontview2,5,True,0.83,200,0.16399286687374115,0.6488413810729979,-1,slidewindow n=3 mode=all,,,,,,,,,,,,,,,,,,,,,,,,,,,,,,,,,,,,,,,,,,,,,,,,,,,,,,,,,,,,,,,,,,,,,,,,,,,,,,,,,,,,,,,,,,,,,
2019-11-18 00:32:06.311499,original,frontview2,5,True,0.83,200,0.14260248839855194,0.675579309463501,-1,slidewindow n=4 mode=all,,,,,,,,,,,,,,,,,,,,,,,,,,,,,,,,,,,,,,,,,,,,,,,,,,,,,,,,,,,,,,,,,,,,,,,,,,,,,,,,,,,,,,,,,,,,,
2019-11-18 00:32:06.358372,original,frontview2,5,True,0.83,200,0.12834224104881287,0.7023172974586487,-1,slidewindow n=5 mode=all,,,,,,,,,,,,,,,,,,,,,,,,,,,,,,,,,,,,,,,,,,,,,,,,,,,,,,,,,,,,,,,,,,,,,,,,,,,,,,,,,,,,,,,,,,,,,
2019-11-18 00:32:06.405247,original,frontview2,5,True,0.83,200,0.11229946464300156,0.7112299203872681,-1,slidewindow n=6 mode=all,,,,,,,,,,,,,,,,,,,,,,,,,,,,,,,,,,,,,,,,,,,,,,,,,,,,,,,,,,,,,,,,,,,,,,,,,,,,,,,,,,,,,,,,,,,,,
2019-11-18 00:32:06.452110,original,frontview2,5,True,0.83,200,0.10338681191205977,0.7183600664138794,-1,slidewindow n=7 mode=all,,,,,,,,,,,,,,,,,,,,,,,,,,,,,,,,,,,,,,,,,,,,,,,,,,,,,,,,,,,,,,,,,,,,,,,,,,,,,,,,,,,,,,,,,,,,,
2019-11-18 00:32:35.763183,original,frontview2,5,False,0.83,200,0.2976827025413513,0.5614973306655884,-1,,,,,,,,,,,,,,,,,,,,,,,,,,,,,,,,,,,,,,,,,,,,,,,,,,,,,,,,,,,,,,,,,,,,,,,,,,,,,,,,,,,,,,,,,,,,,,
2019-11-18 00:32:35.819160,original,frontview2,5,False,0.83,200,0.2655971348285675,0.5882353186607361,-1,slidewindow n=3 mode=first,,,,,,,,,,,,,,,,,,,,,,,,,,,,,,,,,,,,,,,,,,,,,,,,,,,,,,,,,,,,,,,,,,,,,,,,,,,,,,,,,,,,,,,,,,,,,
2019-11-18 00:32:35.858174,original,frontview2,5,False,0.83,200,0.2281639873981476,0.614973247051239,-1,slidewindow n=4 mode=first,,,,,,,,,,,,,,,,,,,,,,,,,,,,,,,,,,,,,,,,,,,,,,,,,,,,,,,,,,,,,,,,,,,,,,,,,,,,,,,,,,,,,,,,,,,,,
2019-11-18 00:32:35.920675,original,frontview2,5,False,0.83,200,0.18894830346107486,0.6399286985397339,-1,slidewindow n=5 mode=first,,,,,,,,,,,,,,,,,,,,,,,,,,,,,,,,,,,,,,,,,,,,,,,,,,,,,,,,,,,,,,,,,,,,,,,,,,,,,,,,,,,,,,,,,,,,,
2019-11-18 00:32:35.967550,original,frontview2,5,False,0.83,200,0.16934046149253845,0.6452763080596924,-1,slidewindow n=6 mode=first,,,,,,,,,,,,,,,,,,,,,,,,,,,,,,,,,,,,,,,,,,,,,,,,,,,,,,,,,,,,,,,,,,,,,,,,,,,,,,,,,,,,,,,,,,,,,
2019-11-18 00:32:36.014441,original,frontview2,5,False,0.83,200,0.16755792498588562,0.6524063944816589,-1,slidewindow n=7 mode=first,,,,,,,,,,,,,,,,,,,,,,,,,,,,,,,,,,,,,,,,,,,,,,,,,,,,,,,,,,,,,,,,,,,,,,,,,,,,,,,,,,,,,,,,,,,,,
2019-11-18 00:32:36.061311,original,frontview2,5,False,0.83,200,0.16042780876159668,0.6203208565711975,-1,slidewindow n=3 mode=all,,,,,,,,,,,,,,,,,,,,,,,,,,,,,,,,,,,,,,,,,,,,,,,,,,,,,,,,,,,,,,,,,,,,,,,,,,,,,,,,,,,,,,,,,,,,,
2019-11-18 00:32:36.108187,original,frontview2,5,False,0.83,200,0.14795008301734924,0.6541889309883118,-1,slidewindow n=4 mode=all,,,,,,,,,,,,,,,,,,,,,,,,,,,,,,,,,,,,,,,,,,,,,,,,,,,,,,,,,,,,,,,,,,,,,,,,,,,,,,,,,,,,,,,,,,,,,
2019-11-18 00:32:36.155061,original,frontview2,5,False,0.83,200,0.12655971944332126,0.675579309463501,-1,slidewindow n=5 mode=all,,,,,,,,,,,,,,,,,,,,,,,,,,,,,,,,,,,,,,,,,,,,,,,,,,,,,,,,,,,,,,,,,,,,,,,,,,,,,,,,,,,,,,,,,,,,,
2019-11-18 00:32:36.217549,original,frontview2,5,False,0.83,200,0.11764705926179884,0.6934046149253845,-1,slidewindow n=6 mode=all,,,,,,,,,,,,,,,,,,,,,,,,,,,,,,,,,,,,,,,,,,,,,,,,,,,,,,,,,,,,,,,,,,,,,,,,,,,,,,,,,,,,,,,,,,,,,
2019-11-18 00:32:36.264436,original,frontview2,5,False,0.83,200,0.10516934096813202,0.6969696879386902,-1,slidewindow n=7 mode=all,,,,,,,,,,,,,,,,,,,,,,,,,,,,,,,,,,,,,,,,,,,,,,,,,,,,,,,,,,,,,,,,,,,,,,,,,,,,,,,,,,,,,,,,,,,,,
2019-11-18 00:33:01.549716,original,floor2,5,True,0.83,200,0.3667953610420227,0.4729729592800141,-1,,,,,,,,,,,,,,,,,,,,,,,,,,,,,,,,,,,,,,,,,,,,,,,,,,,,,,,,,,,,,,,,,,,,,,,,,,,,,,,,,,,,,,,,,,,,,,
2019-11-18 00:33:01.607695,original,floor2,5,True,0.83,200,0.35521236062049866,0.4961389899253845,-1,slidewindow n=3 mode=first,,,,,,,,,,,,,,,,,,,,,,,,,,,,,,,,,,,,,,,,,,,,,,,,,,,,,,,,,,,,,,,,,,,,,,,,,,,,,,,,,,,,,,,,,,,,,
2019-11-18 00:33:01.671740,original,floor2,5,True,0.83,200,0.32625481486320496,0.5173745155334473,-1,slidewindow n=4 mode=first,,,,,,,,,,,,,,,,,,,,,,,,,,,,,,,,,,,,,,,,,,,,,,,,,,,,,,,,,,,,,,,,,,,,,,,,,,,,,,,,,,,,,,,,,,,,,
2019-11-18 00:33:01.717010,original,floor2,5,True,0.83,200,0.2876447737216949,0.53861004114151,-1,slidewindow n=5 mode=first,,,,,,,,,,,,,,,,,,,,,,,,,,,,,,,,,,,,,,,,,,,,,,,,,,,,,,,,,,,,,,,,,,,,,,,,,,,,,,,,,,,,,,,,,,,,,
2019-11-18 00:33:01.763694,original,floor2,5,True,0.83,200,0.2664092779159546,0.5424710512161255,-1,slidewindow n=6 mode=first,,,,,,,,,,,,,,,,,,,,,,,,,,,,,,,,,,,,,,,,,,,,,,,,,,,,,,,,,,,,,,,,,,,,,,,,,,,,,,,,,,,,,,,,,,,,,
2019-11-18 00:33:01.810586,original,floor2,5,True,0.83,200,0.2567567527294159,0.5540540814399719,-1,slidewindow n=7 mode=first,,,,,,,,,,,,,,,,,,,,,,,,,,,,,,,,,,,,,,,,,,,,,,,,,,,,,,,,,,,,,,,,,,,,,,,,,,,,,,,,,,,,,,,,,,,,,
2019-11-18 00:33:01.867854,original,floor2,5,True,0.83,200,0.2799227833747864,0.5250965356826782,-1,slidewindow n=3 mode=all,,,,,,,,,,,,,,,,,,,,,,,,,,,,,,,,,,,,,,,,,,,,,,,,,,,,,,,,,,,,,,,,,,,,,,,,,,,,,,,,,,,,,,,,,,,,,
2019-11-18 00:33:01.914729,original,floor2,5,True,0.83,200,0.2490347474813461,0.5328185558319092,-1,slidewindow n=4 mode=all,,,,,,,,,,,,,,,,,,,,,,,,,,,,,,,,,,,,,,,,,,,,,,,,,,,,,,,,,,,,,,,,,,,,,,,,,,,,,,,,,,,,,,,,,,,,,
2019-11-18 00:33:01.961606,original,floor2,5,True,0.83,200,0.23552124202251434,0.5405405163764954,-1,slidewindow n=5 mode=all,,,,,,,,,,,,,,,,,,,,,,,,,,,,,,,,,,,,,,,,,,,,,,,,,,,,,,,,,,,,,,,,,,,,,,,,,,,,,,,,,,,,,,,,,,,,,
2019-11-18 00:33:02.008480,original,floor2,5,True,0.83,200,0.21814671158790588,0.5482625365257263,-1,slidewindow n=6 mode=all,,,,,,,,,,,,,,,,,,,,,,,,,,,,,,,,,,,,,,,,,,,,,,,,,,,,,,,,,,,,,,,,,,,,,,,,,,,,,,,,,,,,,,,,,,,,,
2019-11-18 00:33:02.070967,original,floor2,5,True,0.83,200,0.21621622145175934,0.5540540814399719,-1,slidewindow n=7 mode=all,,,,,,,,,,,,,,,,,,,,,,,,,,,,,,,,,,,,,,,,,,,,,,,,,,,,,,,,,,,,,,,,,,,,,,,,,,,,,,,,,,,,,,,,,,,,,
2019-11-18 00:33:27.511059,original,floor2,5,False,0.83,200,0.4671814739704132,0.480694979429245,-1,,,,,,,,,,,,,,,,,,,,,,,,,,,,,,,,,,,,,,,,,,,,,,,,,,,,,,,,,,,,,,,,,,,,,,,,,,,,,,,,,,,,,,,,,,,,,,
2019-11-18 00:33:27.568041,original,floor2,5,False,0.83,200,0.4459459483623505,0.5154440402984619,-1,slidewindow n=3 mode=first,,,,,,,,,,,,,,,,,,,,,,,,,,,,,,,,,,,,,,,,,,,,,,,,,,,,,,,,,,,,,,,,,,,,,,,,,,,,,,,,,,,,,,,,,,,,,
2019-11-18 00:33:27.638523,original,floor2,5,False,0.83,200,0.4189189076423645,0.5289575457572937,-1,slidewindow n=4 mode=first,,,,,,,,,,,,,,,,,,,,,,,,,,,,,,,,,,,,,,,,,,,,,,,,,,,,,,,,,,,,,,,,,,,,,,,,,,,,,,,,,,,,,,,,,,,,,
2019-11-18 00:33:27.701054,original,floor2,5,False,0.83,200,0.3803088665008545,0.5308880209922789,-1,slidewindow n=5 mode=first,,,,,,,,,,,,,,,,,,,,,,,,,,,,,,,,,,,,,,,,,,,,,,,,,,,,,,,,,,,,,,,,,,,,,,,,,,,,,,,,,,,,,,,,,,,,,
2019-11-18 00:33:27.747930,original,floor2,5,False,0.83,200,0.33590734004974365,0.5308880209922789,-1,slidewindow n=6 mode=first,,,,,,,,,,,,,,,,,,,,,,,,,,,,,,,,,,,,,,,,,,,,,,,,,,,,,,,,,,,,,,,,,,,,,,,,,,,,,,,,,,,,,,,,,,,,,
2019-11-18 00:33:27.794816,original,floor2,5,False,0.83,200,0.2953667938709259,0.53861004114151,-1,slidewindow n=7 mode=first,,,,,,,,,,,,,,,,,,,,,,,,,,,,,,,,,,,,,,,,,,,,,,,,,,,,,,,,,,,,,,,,,,,,,,,,,,,,,,,,,,,,,,,,,,,,,
2019-11-18 00:33:27.841693,original,floor2,5,False,0.83,200,0.23938223719596866,0.5,-1,slidewindow n=3 mode=all,,,,,,,,,,,,,,,,,,,,,,,,,,,,,,,,,,,,,,,,,,,,,,,,,,,,,,,,,,,,,,,,,,,,,,,,,,,,,,,,,,,,,,,,,,,,,
2019-11-18 00:33:27.888566,original,floor2,5,False,0.83,200,0.18725869059562686,0.5038610100746155,-1,slidewindow n=4 mode=all,,,,,,,,,,,,,,,,,,,,,,,,,,,,,,,,,,,,,,,,,,,,,,,,,,,,,,,,,,,,,,,,,,,,,,,,,,,,,,,,,,,,,,,,,,,,,
2019-11-18 00:33:27.935441,original,floor2,5,False,0.83,200,0.16988417506217954,0.5308880209922789,-1,slidewindow n=5 mode=all,,,,,,,,,,,,,,,,,,,,,,,,,,,,,,,,,,,,,,,,,,,,,,,,,,,,,,,,,,,,,,,,,,,,,,,,,,,,,,,,,,,,,,,,,,,,,
2019-11-18 00:33:27.982317,original,floor2,5,False,0.83,200,0.16023166477680206,0.5424710512161255,-1,slidewindow n=6 mode=all,,,,,,,,,,,,,,,,,,,,,,,,,,,,,,,,,,,,,,,,,,,,,,,,,,,,,,,,,,,,,,,,,,,,,,,,,,,,,,,,,,,,,,,,,,,,,
2019-11-18 00:33:28.029193,original,floor2,5,False,0.83,200,0.14864864945411682,0.5444015264511108,-1,slidewindow n=7 mode=all,,,,,,,,,,,,,,,,,,,,,,,,,,,,,,,,,,,,,,,,,,,,,,,,,,,,,,,,,,,,,,,,,,,,,,,,,,,,,,,,,,,,,,,,,,,,,
2019-11-18 00:33:55.803764,no-masked-trimed,wall,10,True,0.83,200,0.6590257883071899,0.8080229163169861,-1,,,,,,,,,,,,,,,,,,,,,,,,,,,,,,,,,,,,,,,,,,,,,,,,,,,,,,,,,,,,,,,,,,,,,,,,,,,,,,,,,,,,,,,,,,,,,,
2019-11-18 00:33:55.884738,no-masked-trimed,wall,10,True,0.83,200,0.6361031532287598,0.8452721834182739,-1,slidewindow n=3 mode=first,,,,,,,,,,,,,,,,,,,,,,,,,,,,,,,,,,,,,,,,,,,,,,,,,,,,,,,,,,,,,,,,,,,,,,,,,,,,,,,,,,,,,,,,,,,,,
2019-11-18 00:33:55.952005,no-masked-trimed,wall,10,True,0.83,200,0.6045845150947571,0.8424068689346313,-1,slidewindow n=4 mode=first,,,,,,,,,,,,,,,,,,,,,,,,,,,,,,,,,,,,,,,,,,,,,,,,,,,,,,,,,,,,,,,,,,,,,,,,,,,,,,,,,,,,,,,,,,,,,
2019-11-18 00:33:56.001142,no-masked-trimed,wall,10,True,0.83,200,0.5702005624771118,0.8510028719902039,-1,slidewindow n=5 mode=first,,,,,,,,,,,,,,,,,,,,,,,,,,,,,,,,,,,,,,,,,,,,,,,,,,,,,,,,,,,,,,,,,,,,,,,,,,,,,,,,,,,,,,,,,,,,,
2019-11-18 00:33:56.044808,no-masked-trimed,wall,10,True,0.83,200,0.5386819243431091,0.856733500957489,-1,slidewindow n=6 mode=first,,,,,,,,,,,,,,,,,,,,,,,,,,,,,,,,,,,,,,,,,,,,,,,,,,,,,,,,,,,,,,,,,,,,,,,,,,,,,,,,,,,,,,,,,,,,,
2019-11-18 00:33:56.107326,no-masked-trimed,wall,10,True,0.83,200,0.5243552923202515,0.8624641895294191,-1,slidewindow n=7 mode=first,,,,,,,,,,,,,,,,,,,,,,,,,,,,,,,,,,,,,,,,,,,,,,,,,,,,,,,,,,,,,,,,,,,,,,,,,,,,,,,,,,,,,,,,,,,,,
2019-11-18 00:33:56.154201,no-masked-trimed,wall,10,True,0.83,200,0.4871060252189636,0.8767908215522766,-1,slidewindow n=3 mode=all,,,,,,,,,,,,,,,,,,,,,,,,,,,,,,,,,,,,,,,,,,,,,,,,,,,,,,,,,,,,,,,,,,,,,,,,,,,,,,,,,,,,,,,,,,,,,
2019-11-18 00:33:56.201076,no-masked-trimed,wall,10,True,0.83,200,0.4355300962924957,0.8882521390914917,-1,slidewindow n=4 mode=all,,,,,,,,,,,,,,,,,,,,,,,,,,,,,,,,,,,,,,,,,,,,,,,,,,,,,,,,,,,,,,,,,,,,,,,,,,,,,,,,,,,,,,,,,,,,,
2019-11-18 00:33:56.247951,no-masked-trimed,wall,10,True,0.83,200,0.4011461436748505,0.8911174535751343,-1,slidewindow n=5 mode=all,,,,,,,,,,,,,,,,,,,,,,,,,,,,,,,,,,,,,,,,,,,,,,,,,,,,,,,,,,,,,,,,,,,,,,,,,,,,,,,,,,,,,,,,,,,,,
2019-11-18 00:33:56.294826,no-masked-trimed,wall,10,True,0.83,200,0.3724928498268128,0.8939828276634216,-1,slidewindow n=6 mode=all,,,,,,,,,,,,,,,,,,,,,,,,,,,,,,,,,,,,,,,,,,,,,,,,,,,,,,,,,,,,,,,,,,,,,,,,,,,,,,,,,,,,,,,,,,,,,
2019-11-18 00:33:56.341688,no-masked-trimed,wall,10,True,0.83,200,0.3810888230800629,0.8939828276634216,-1,slidewindow n=7 mode=all,,,,,,,,,,,,,,,,,,,,,,,,,,,,,,,,,,,,,,,,,,,,,,,,,,,,,,,,,,,,,,,,,,,,,,,,,,,,,,,,,,,,,,,,,,,,,
2019-11-18 00:34:15.724329,no-masked-trimed,wall,10,False,0.83,200,0.7449856996536255,0.7650429606437683,-1,,,,,,,,,,,,,,,,,,,,,,,,,,,,,,,,,,,,,,,,,,,,,,,,,,,,,,,,,,,,,,,,,,,,,,,,,,,,,,,,,,,,,,,,,,,,,,
2019-11-18 00:34:15.792308,no-masked-trimed,wall,10,False,0.83,200,0.719197690486908,0.7793696522712708,-1,slidewindow n=3 mode=first,,,,,,,,,,,,,,,,,,,,,,,,,,,,,,,,,,,,,,,,,,,,,,,,,,,,,,,,,,,,,,,,,,,,,,,,,,,,,,,,,,,,,,,,,,,,,
2019-11-18 00:34:15.858574,no-masked-trimed,wall,10,False,0.83,200,0.6733524203300476,0.7793696522712708,-1,slidewindow n=4 mode=first,,,,,,,,,,,,,,,,,,,,,,,,,,,,,,,,,,,,,,,,,,,,,,,,,,,,,,,,,,,,,,,,,,,,,,,,,,,,,,,,,,,,,,,,,,,,,
2019-11-18 00:34:15.905450,no-masked-trimed,wall,10,False,0.83,200,0.6303724646568298,0.7765042781829834,-1,slidewindow n=5 mode=first,,,,,,,,,,,,,,,,,,,,,,,,,,,,,,,,,,,,,,,,,,,,,,,,,,,,,,,,,,,,,,,,,,,,,,,,,,,,,,,,,,,,,,,,,,,,,
2019-11-18 00:34:15.952325,no-masked-trimed,wall,10,False,0.83,200,0.5988538861274719,0.7765042781829834,-1,slidewindow n=6 mode=first,,,,,,,,,,,,,,,,,,,,,,,,,,,,,,,,,,,,,,,,,,,,,,,,,,,,,,,,,,,,,,,,,,,,,,,,,,,,,,,,,,,,,,,,,,,,,
2019-11-18 00:34:15.999201,no-masked-trimed,wall,10,False,0.83,200,0.5587392449378967,0.7765042781829834,-1,slidewindow n=7 mode=first,,,,,,,,,,,,,,,,,,,,,,,,,,,,,,,,,,,,,,,,,,,,,,,,,,,,,,,,,,,,,,,,,,,,,,,,,,,,,,,,,,,,,,,,,,,,,
2019-11-18 00:34:16.046091,no-masked-trimed,wall,10,False,0.83,200,0.4269340932369232,0.796561598777771,-1,slidewindow n=3 mode=all,,,,,,,,,,,,,,,,,,,,,,,,,,,,,,,,,,,,,,,,,,,,,,,,,,,,,,,,,,,,,,,,,,,,,,,,,,,,,,,,,,,,,,,,,,,,,
2019-11-18 00:34:16.092951,no-masked-trimed,wall,10,False,0.83,200,0.3237822353839874,0.796561598777771,-1,slidewindow n=4 mode=all,,,,,,,,,,,,,,,,,,,,,,,,,,,,,,,,,,,,,,,,,,,,,,,,,,,,,,,,,,,,,,,,,,,,,,,,,,,,,,,,,,,,,,,,,,,,,
2019-11-18 00:34:16.139826,no-masked-trimed,wall,10,False,0.83,200,0.2836676239967346,0.796561598777771,-1,slidewindow n=5 mode=all,,,,,,,,,,,,,,,,,,,,,,,,,,,,,,,,,,,,,,,,,,,,,,,,,,,,,,,,,,,,,,,,,,,,,,,,,,,,,,,,,,,,,,,,,,,,,
2019-11-18 00:34:16.196052,no-masked-trimed,wall,10,False,0.83,200,0.26934096217155457,0.796561598777771,-1,slidewindow n=6 mode=all,,,,,,,,,,,,,,,,,,,,,,,,,,,,,,,,,,,,,,,,,,,,,,,,,,,,,,,,,,,,,,,,,,,,,,,,,,,,,,,,,,,,,,,,,,,,,
2019-11-18 00:34:16.244245,no-masked-trimed,wall,10,False,0.83,200,0.2435530126094818,0.7994269132614136,-1,slidewindow n=7 mode=all,,,,,,,,,,,,,,,,,,,,,,,,,,,,,,,,,,,,,,,,,,,,,,,,,,,,,,,,,,,,,,,,,,,,,,,,,,,,,,,,,,,,,,,,,,,,,
2019-11-18 00:34:47.086159,no-masked-trimed,frontview2,10,True,0.83,200,0.20499108731746676,0.6434937715530396,-1,,,,,,,,,,,,,,,,,,,,,,,,,,,,,,,,,,,,,,,,,,,,,,,,,,,,,,,,,,,,,,,,,,,,,,,,,,,,,,,,,,,,,,,,,,,,,,
2019-11-18 00:34:47.155880,no-masked-trimed,frontview2,10,True,0.83,200,0.17825311422348022,0.7130124568939209,-1,slidewindow n=3 mode=first,,,,,,,,,,,,,,,,,,,,,,,,,,,,,,,,,,,,,,,,,,,,,,,,,,,,,,,,,,,,,,,,,,,,,,,,,,,,,,,,,,,,,,,,,,,,,
2019-11-18 00:34:47.211862,no-masked-trimed,frontview2,10,True,0.83,200,0.14795008301734924,0.7415329813957214,-1,slidewindow n=4 mode=first,,,,,,,,,,,,,,,,,,,,,,,,,,,,,,,,,,,,,,,,,,,,,,,,,,,,,,,,,,,,,,,,,,,,,,,,,,,,,,,,,,,,,,,,,,,,,
2019-11-18 00:34:47.275842,no-masked-trimed,frontview2,10,True,0.83,200,0.13190731406211853,0.7629233598709106,-1,slidewindow n=5 mode=first,,,,,,,,,,,,,,,,,,,,,,,,,,,,,,,,,,,,,,,,,,,,,,,,,,,,,,,,,,,,,,,,,,,,,,,,,,,,,,,,,,,,,,,,,,,,,
2019-11-18 00:34:47.330839,no-masked-trimed,frontview2,10,True,0.83,200,0.1194295883178711,0.7843137383460999,-1,slidewindow n=6 mode=first,,,,,,,,,,,,,,,,,,,,,,,,,,,,,,,,,,,,,,,,,,,,,,,,,,,,,,,,,,,,,,,,,,,,,,,,,,,,,,,,,,,,,,,,,,,,,
2019-11-18 00:34:47.383824,no-masked-trimed,frontview2,10,True,0.83,200,0.11229946464300156,0.7896613478660583,-1,slidewindow n=7 mode=first,,,,,,,,,,,,,,,,,,,,,,,,,,,,,,,,,,,,,,,,,,,,,,,,,,,,,,,,,,,,,,,,,,,,,,,,,,,,,,,,,,,,,,,,,,,,,
2019-11-18 00:34:47.435803,no-masked-trimed,frontview2,10,True,0.83,200,0.1140819936990738,0.7557932138442993,-1,slidewindow n=3 mode=all,,,,,,,,,,,,,,,,,,,,,,,,,,,,,,,,,,,,,,,,,,,,,,,,,,,,,,,,,,,,,,,,,,,,,,,,,,,,,,,,,,,,,,,,,,,,,
2019-11-18 00:34:47.489786,no-masked-trimed,frontview2,10,True,0.83,200,0.09090909361839294,0.7771835923194885,-1,slidewindow n=4 mode=all,,,,,,,,,,,,,,,,,,,,,,,,,,,,,,,,,,,,,,,,,,,,,,,,,,,,,,,,,,,,,,,,,,,,,,,,,,,,,,,,,,,,,,,,,,,,,
2019-11-18 00:34:47.544769,no-masked-trimed,frontview2,10,True,0.83,200,0.08377896249294281,0.7932263612747192,-1,slidewindow n=5 mode=all,,,,,,,,,,,,,,,,,,,,,,,,,,,,,,,,,,,,,,,,,,,,,,,,,,,,,,,,,,,,,,,,,,,,,,,,,,,,,,,,,,,,,,,,,,,,,
2019-11-18 00:34:47.599751,no-masked-trimed,frontview2,10,True,0.83,200,0.08021390438079834,0.8074866533279419,-1,slidewindow n=6 mode=all,,,,,,,,,,,,,,,,,,,,,,,,,,,,,,,,,,,,,,,,,,,,,,,,,,,,,,,,,,,,,,,,,,,,,,,,,,,,,,,,,,,,,,,,,,,,,
2019-11-18 00:34:47.654734,no-masked-trimed,frontview2,10,True,0.83,200,0.07486630976200104,0.8163992762565613,-1,slidewindow n=7 mode=all,,,,,,,,,,,,,,,,,,,,,,,,,,,,,,,,,,,,,,,,,,,,,,,,,,,,,,,,,,,,,,,,,,,,,,,,,,,,,,,,,,,,,,,,,,,,,
2019-11-18 00:35:16.408852,no-masked-trimed,frontview2,10,False,0.83,200,0.2067736238241196,0.686274528503418,-1,,,,,,,,,,,,,,,,,,,,,,,,,,,,,,,,,,,,,,,,,,,,,,,,,,,,,,,,,,,,,,,,,,,,,,,,,,,,,,,,,,,,,,,,,,,,,,
2019-11-18 00:35:16.486487,no-masked-trimed,frontview2,10,False,0.83,200,0.1764705926179886,0.7379679083824158,-1,slidewindow n=3 mode=first,,,,,,,,,,,,,,,,,,,,,,,,,,,,,,,,,,,,,,,,,,,,,,,,,,,,,,,,,,,,,,,,,,,,,,,,,,,,,,,,,,,,,,,,,,,,,
2019-11-18 00:35:16.543469,no-masked-trimed,frontview2,10,False,0.83,200,0.13368983566761014,0.7682709693908691,-1,slidewindow n=4 mode=first,,,,,,,,,,,,,,,,,,,,,,,,,,,,,,,,,,,,,,,,,,,,,,,,,,,,,,,,,,,,,,,,,,,,,,,,,,,,,,,,,,,,,,,,,,,,,
2019-11-18 00:35:16.609449,no-masked-trimed,frontview2,10,False,0.83,200,0.10873440653085707,0.7950088977813721,-1,slidewindow n=5 mode=first,,,,,,,,,,,,,,,,,,,,,,,,,,,,,,,,,,,,,,,,,,,,,,,,,,,,,,,,,,,,,,,,,,,,,,,,,,,,,,,,,,,,,,,,,,,,,
2019-11-18 00:35:16.661449,no-masked-trimed,frontview2,10,False,0.83,200,0.08734402805566788,0.8110516667366028,-1,slidewindow n=6 mode=first,,,,,,,,,,,,,,,,,,,,,,,,,,,,,,,,,,,,,,,,,,,,,,,,,,,,,,,,,,,,,,,,,,,,,,,,,,,,,,,,,,,,,,,,,,,,,
2019-11-18 00:35:16.713428,no-masked-trimed,frontview2,10,False,0.83,200,0.07664883881807327,0.8235294222831726,-1,slidewindow n=7 mode=first,,,,,,,,,,,,,,,,,,,,,,,,,,,,,,,,,,,,,,,,,,,,,,,,,,,,,,,,,,,,,,,,,,,,,,,,,,,,,,,,,,,,,,,,,,,,,
2019-11-18 00:35:16.765411,no-masked-trimed,frontview2,10,False,0.83,200,0.06417112052440642,0.7379679083824158,-1,slidewindow n=3 mode=all,,,,,,,,,,,,,,,,,,,,,,,,,,,,,,,,,,,,,,,,,,,,,,,,,,,,,,,,,,,,,,,,,,,,,,,,,,,,,,,,,,,,,,,,,,,,,
2019-11-18 00:35:16.818394,no-masked-trimed,frontview2,10,False,0.83,200,0.049910873174667365,0.7611408233642578,-1,slidewindow n=4 mode=all,,,,,,,,,,,,,,,,,,,,,,,,,,,,,,,,,,,,,,,,,,,,,,,,,,,,,,,,,,,,,,,,,,,,,,,,,,,,,,,,,,,,,,,,,,,,,
2019-11-18 00:35:16.871378,no-masked-trimed,frontview2,10,False,0.83,200,0.053475935012102134,0.7682709693908691,-1,slidewindow n=5 mode=all,,,,,,,,,,,,,,,,,,,,,,,,,,,,,,,,,,,,,,,,,,,,,,,,,,,,,,,,,,,,,,,,,,,,,,,,,,,,,,,,,,,,,,,,,,,,,
2019-11-18 00:35:16.925360,no-masked-trimed,frontview2,10,False,0.83,200,0.049910873174667365,0.7682709693908691,-1,slidewindow n=6 mode=all,,,,,,,,,,,,,,,,,,,,,,,,,,,,,,,,,,,,,,,,,,,,,,,,,,,,,,,,,,,,,,,,,,,,,,,,,,,,,,,,,,,,,,,,,,,,,
2019-11-18 00:35:16.967231,no-masked-trimed,frontview2,10,False,0.83,200,0.049910873174667365,0.782531201839447,-1,slidewindow n=7 mode=all,,,,,,,,,,,,,,,,,,,,,,,,,,,,,,,,,,,,,,,,,,,,,,,,,,,,,,,,,,,,,,,,,,,,,,,,,,,,,,,,,,,,,,,,,,,,,
2019-11-18 00:35:42.787150,no-masked-trimed,floor2,10,True,0.83,200,0.46138995885849,0.5965250730514526,-1,,,,,,,,,,,,,,,,,,,,,,,,,,,,,,,,,,,,,,,,,,,,,,,,,,,,,,,,,,,,,,,,,,,,,,,,,,,,,,,,,,,,,,,,,,,,,,
2019-11-18 00:35:42.864352,no-masked-trimed,floor2,10,True,0.83,200,0.4459459483623505,0.6640926599502563,-1,slidewindow n=3 mode=first,,,,,,,,,,,,,,,,,,,,,,,,,,,,,,,,,,,,,,,,,,,,,,,,,,,,,,,,,,,,,,,,,,,,,,,,,,,,,,,,,,,,,,,,,,,,,
2019-11-18 00:35:42.928332,no-masked-trimed,floor2,10,True,0.83,200,0.4131274223327637,0.7104247212409973,-1,slidewindow n=4 mode=first,,,,,,,,,,,,,,,,,,,,,,,,,,,,,,,,,,,,,,,,,,,,,,,,,,,,,,,,,,,,,,,,,,,,,,,,,,,,,,,,,,,,,,,,,,,,,
2019-11-18 00:35:42.983772,no-masked-trimed,floor2,10,True,0.83,200,0.38416987657547,0.7432432174682617,-1,slidewindow n=5 mode=first,,,,,,,,,,,,,,,,,,,,,,,,,,,,,,,,,,,,,,,,,,,,,,,,,,,,,,,,,,,,,,,,,,,,,,,,,,,,,,,,,,,,,,,,,,,,,
2019-11-18 00:35:43.030664,no-masked-trimed,floor2,10,True,0.83,200,0.34942084550857544,0.7509652376174927,-1,slidewindow n=6 mode=first,,,,,,,,,,,,,,,,,,,,,,,,,,,,,,,,,,,,,,,,,,,,,,,,,,,,,,,,,,,,,,,,,,,,,,,,,,,,,,,,,,,,,,,,,,,,,
2019-11-18 00:35:43.093159,no-masked-trimed,floor2,10,True,0.83,200,0.3088802993297577,0.7644787430763245,-1,slidewindow n=7 mode=first,,,,,,,,,,,,,,,,,,,,,,,,,,,,,,,,,,,,,,,,,,,,,,,,,,,,,,,,,,,,,,,,,,,,,,,,,,,,,,,,,,,,,,,,,,,,,
2019-11-18 00:35:43.140036,no-masked-trimed,floor2,10,True,0.83,200,0.3185328245162964,0.6949806809425354,-1,slidewindow n=3 mode=all,,,,,,,,,,,,,,,,,,,,,,,,,,,,,,,,,,,,,,,,,,,,,,,,,,,,,,,,,,,,,,,,,,,,,,,,,,,,,,,,,,,,,,,,,,,,,
2019-11-18 00:35:43.202522,no-masked-trimed,floor2,10,True,0.83,200,0.2799227833747864,0.7316602468490601,-1,slidewindow n=4 mode=all,,,,,,,,,,,,,,,,,,,,,,,,,,,,,,,,,,,,,,,,,,,,,,,,,,,,,,,,,,,,,,,,,,,,,,,,,,,,,,,,,,,,,,,,,,,,,
2019-11-18 00:35:43.249397,no-masked-trimed,floor2,10,True,0.83,200,0.24517375230789185,0.7451737523078918,-1,slidewindow n=5 mode=all,,,,,,,,,,,,,,,,,,,,,,,,,,,,,,,,,,,,,,,,,,,,,,,,,,,,,,,,,,,,,,,,,,,,,,,,,,,,,,,,,,,,,,,,,,,,,
2019-11-18 00:35:43.311897,no-masked-trimed,floor2,10,True,0.83,200,0.21621622145175934,0.7702702879905701,-1,slidewindow n=6 mode=all,,,,,,,,,,,,,,,,,,,,,,,,,,,,,,,,,,,,,,,,,,,,,,,,,,,,,,,,,,,,,,,,,,,,,,,,,,,,,,,,,,,,,,,,,,,,,
2019-11-18 00:35:43.358772,no-masked-trimed,floor2,10,True,0.83,200,0.2046332061290741,0.7760617733001709,-1,slidewindow n=7 mode=all,,,,,,,,,,,,,,,,,,,,,,,,,,,,,,,,,,,,,,,,,,,,,,,,,,,,,,,,,,,,,,,,,,,,,,,,,,,,,,,,,,,,,,,,,,,,,
2019-11-18 00:36:09.093541,no-masked-trimed,floor2,10,False,0.83,200,0.4787644743919373,0.6003860831260681,-1,,,,,,,,,,,,,,,,,,,,,,,,,,,,,,,,,,,,,,,,,,,,,,,,,,,,,,,,,,,,,,,,,,,,,,,,,,,,,,,,,,,,,,,,,,,,,,
2019-11-18 00:36:09.166261,no-masked-trimed,floor2,10,False,0.83,200,0.4498069584369659,0.6370656490325928,-1,slidewindow n=3 mode=first,,,,,,,,,,,,,,,,,,,,,,,,,,,,,,,,,,,,,,,,,,,,,,,,,,,,,,,,,,,,,,,,,,,,,,,,,,,,,,,,,,,,,,,,,,,,,
2019-11-18 00:36:09.220244,no-masked-trimed,floor2,10,False,0.83,200,0.39768341183662415,0.6737451553344727,-1,slidewindow n=4 mode=first,,,,,,,,,,,,,,,,,,,,,,,,,,,,,,,,,,,,,,,,,,,,,,,,,,,,,,,,,,,,,,,,,,,,,,,,,,,,,,,,,,,,,,,,,,,,,
2019-11-18 00:36:09.275227,no-masked-trimed,floor2,10,False,0.83,200,0.33590734004974365,0.6872586607933044,-1,slidewindow n=5 mode=first,,,,,,,,,,,,,,,,,,,,,,,,,,,,,,,,,,,,,,,,,,,,,,,,,,,,,,,,,,,,,,,,,,,,,,,,,,,,,,,,,,,,,,,,,,,,,
2019-11-18 00:36:09.329227,no-masked-trimed,floor2,10,False,0.83,200,0.2992278039455414,0.69305020570755,-1,slidewindow n=6 mode=first,,,,,,,,,,,,,,,,,,,,,,,,,,,,,,,,,,,,,,,,,,,,,,,,,,,,,,,,,,,,,,,,,,,,,,,,,,,,,,,,,,,,,,,,,,,,,
2019-11-18 00:36:09.382210,no-masked-trimed,floor2,10,False,0.83,200,0.2741312682628632,0.7027027010917664,-1,slidewindow n=7 mode=first,,,,,,,,,,,,,,,,,,,,,,,,,,,,,,,,,,,,,,,,,,,,,,,,,,,,,,,,,,,,,,,,,,,,,,,,,,,,,,,,,,,,,,,,,,,,,
2019-11-18 00:36:09.436193,no-masked-trimed,floor2,10,False,0.83,200,0.26447877287864685,0.6911196708679199,-1,slidewindow n=3 mode=all,,,,,,,,,,,,,,,,,,,,,,,,,,,,,,,,,,,,,,,,,,,,,,,,,,,,,,,,,,,,,,,,,,,,,,,,,,,,,,,,,,,,,,,,,,,,,
2019-11-18 00:36:09.490172,no-masked-trimed,floor2,10,False,0.83,200,0.19884170591831207,0.7046331763267517,-1,slidewindow n=4 mode=all,,,,,,,,,,,,,,,,,,,,,,,,,,,,,,,,,,,,,,,,,,,,,,,,,,,,,,,,,,,,,,,,,,,,,,,,,,,,,,,,,,,,,,,,,,,,,
2019-11-18 00:36:09.545154,no-masked-trimed,floor2,10,False,0.83,200,0.18918919563293454,0.7200772166252136,-1,slidewindow n=5 mode=all,,,,,,,,,,,,,,,,,,,,,,,,,,,,,,,,,,,,,,,,,,,,,,,,,,,,,,,,,,,,,,,,,,,,,,,,,,,,,,,,,,,,,,,,,,,,,
2019-11-18 00:36:09.600137,no-masked-trimed,floor2,10,False,0.83,200,0.17374517023563385,0.7335907220840454,-1,slidewindow n=6 mode=all,,,,,,,,,,,,,,,,,,,,,,,,,,,,,,,,,,,,,,,,,,,,,,,,,,,,,,,,,,,,,,,,,,,,,,,,,,,,,,,,,,,,,,,,,,,,,
2019-11-18 00:36:09.656118,no-masked-trimed,floor2,10,False,0.83,200,0.17374517023563385,0.7413127422332764,-1,slidewindow n=7 mode=all,,,,,,,,,,,,,,,,,,,,,,,,,,,,,,,,,,,,,,,,,,,,,,,,,,,,,,,,,,,,,,,,,,,,,,,,,,,,,,,,,,,,,,,,,,,,,
2019-11-18 00:36:40.871413,original,wall,10,True,0.83,200,0.7449856996536255,0.7220630645751953,-1,,,,,,,,,,,,,,,,,,,,,,,,,,,,,,,,,,,,,,,,,,,,,,,,,,,,,,,,,,,,,,,,,,,,,,,,,,,,,,,,,,,,,,,,,,,,,,
2019-11-18 00:36:40.952659,original,wall,10,True,0.83,200,0.7163323760032654,0.7593123316764832,-1,slidewindow n=3 mode=first,,,,,,,,,,,,,,,,,,,,,,,,,,,,,,,,,,,,,,,,,,,,,,,,,,,,,,,,,,,,,,,,,,,,,,,,,,,,,,,,,,,,,,,,,,,,,
2019-11-18 00:36:41.046409,original,wall,10,True,0.83,200,0.6819484233856201,0.7650429606437683,-1,slidewindow n=4 mode=first,,,,,,,,,,,,,,,,,,,,,,,,,,,,,,,,,,,,,,,,,,,,,,,,,,,,,,,,,,,,,,,,,,,,,,,,,,,,,,,,,,,,,,,,,,,,,
2019-11-18 00:36:41.093287,original,wall,10,True,0.83,200,0.6389684677124023,0.7736389636993408,-1,slidewindow n=5 mode=first,,,,,,,,,,,,,,,,,,,,,,,,,,,,,,,,,,,,,,,,,,,,,,,,,,,,,,,,,,,,,,,,,,,,,,,,,,,,,,,,,,,,,,,,,,,,,
2019-11-18 00:36:41.155796,original,wall,10,True,0.83,200,0.6045845150947571,0.7765042781829834,-1,slidewindow n=6 mode=first,,,,,,,,,,,,,,,,,,,,,,,,,,,,,,,,,,,,,,,,,,,,,,,,,,,,,,,,,,,,,,,,,,,,,,,,,,,,,,,,,,,,,,,,,,,,,
2019-11-18 00:36:41.202675,original,wall,10,True,0.83,200,0.5644699335098267,0.7908309698104858,-1,slidewindow n=7 mode=first,,,,,,,,,,,,,,,,,,,,,,,,,,,,,,,,,,,,,,,,,,,,,,,,,,,,,,,,,,,,,,,,,,,,,,,,,,,,,,,,,,,,,,,,,,,,,
2019-11-18 00:36:41.265159,original,wall,10,True,0.83,200,0.5214899778366089,0.8366762399673462,-1,slidewindow n=3 mode=all,,,,,,,,,,,,,,,,,,,,,,,,,,,,,,,,,,,,,,,,,,,,,,,,,,,,,,,,,,,,,,,,,,,,,,,,,,,,,,,,,,,,,,,,,,,,,
2019-11-18 00:36:41.312034,original,wall,10,True,0.83,200,0.4899713397026062,0.8424068689346313,-1,slidewindow n=4 mode=all,,,,,,,,,,,,,,,,,,,,,,,,,,,,,,,,,,,,,,,,,,,,,,,,,,,,,,,,,,,,,,,,,,,,,,,,,,,,,,,,,,,,,,,,,,,,,
2019-11-18 00:36:41.358910,original,wall,10,True,0.83,200,0.4727793633937836,0.8538681864738464,-1,slidewindow n=5 mode=all,,,,,,,,,,,,,,,,,,,,,,,,,,,,,,,,,,,,,,,,,,,,,,,,,,,,,,,,,,,,,,,,,,,,,,,,,,,,,,,,,,,,,,,,,,,,,
2019-11-18 00:36:41.421421,original,wall,10,True,0.83,200,0.4527220726013184,0.8624641895294191,-1,slidewindow n=6 mode=all,,,,,,,,,,,,,,,,,,,,,,,,,,,,,,,,,,,,,,,,,,,,,,,,,,,,,,,,,,,,,,,,,,,,,,,,,,,,,,,,,,,,,,,,,,,,,
2019-11-18 00:36:41.483921,original,wall,10,True,0.83,200,0.42406877875328064,0.8681948184967041,-1,slidewindow n=7 mode=all,,,,,,,,,,,,,,,,,,,,,,,,,,,,,,,,,,,,,,,,,,,,,,,,,,,,,,,,,,,,,,,,,,,,,,,,,,,,,,,,,,,,,,,,,,,,,
2019-11-18 00:37:00.883166,original,wall,10,False,0.83,200,0.7564470171928406,0.7851002812385559,-1,,,,,,,,,,,,,,,,,,,,,,,,,,,,,,,,,,,,,,,,,,,,,,,,,,,,,,,,,,,,,,,,,,,,,,,,,,,,,,,,,,,,,,,,,,,,,,
2019-11-18 00:37:00.949149,original,wall,10,False,0.83,200,0.719197690486908,0.8252149224281311,-1,slidewindow n=3 mode=first,,,,,,,,,,,,,,,,,,,,,,,,,,,,,,,,,,,,,,,,,,,,,,,,,,,,,,,,,,,,,,,,,,,,,,,,,,,,,,,,,,,,,,,,,,,,,
2019-11-18 00:37:01.027273,original,wall,10,False,0.83,200,0.6676217913627625,0.8280802369117737,-1,slidewindow n=4 mode=first,,,,,,,,,,,,,,,,,,,,,,,,,,,,,,,,,,,,,,,,,,,,,,,,,,,,,,,,,,,,,,,,,,,,,,,,,,,,,,,,,,,,,,,,,,,,,
2019-11-18 00:37:01.089774,original,wall,10,False,0.83,200,0.6246418356895447,0.8280802369117737,-1,slidewindow n=5 mode=first,,,,,,,,,,,,,,,,,,,,,,,,,,,,,,,,,,,,,,,,,,,,,,,,,,,,,,,,,,,,,,,,,,,,,,,,,,,,,,,,,,,,,,,,,,,,,
2019-11-18 00:37:01.152275,original,wall,10,False,0.83,200,0.5845271944999695,0.8280802369117737,-1,slidewindow n=6 mode=first,,,,,,,,,,,,,,,,,,,,,,,,,,,,,,,,,,,,,,,,,,,,,,,,,,,,,,,,,,,,,,,,,,,,,,,,,,,,,,,,,,,,,,,,,,,,,
2019-11-18 00:37:01.214775,original,wall,10,False,0.83,200,0.5472779273986816,0.8252149224281311,-1,slidewindow n=7 mode=first,,,,,,,,,,,,,,,,,,,,,,,,,,,,,,,,,,,,,,,,,,,,,,,,,,,,,,,,,,,,,,,,,,,,,,,,,,,,,,,,,,,,,,,,,,,,,
2019-11-18 00:37:01.261650,original,wall,10,False,0.83,200,0.4584527313709259,0.7908309698104858,-1,slidewindow n=3 mode=all,,,,,,,,,,,,,,,,,,,,,,,,,,,,,,,,,,,,,,,,,,,,,,,,,,,,,,,,,,,,,,,,,,,,,,,,,,,,,,,,,,,,,,,,,,,,,
2019-11-18 00:37:01.324150,original,wall,10,False,0.83,200,0.3982807993888855,0.7879655957221985,-1,slidewindow n=4 mode=all,,,,,,,,,,,,,,,,,,,,,,,,,,,,,,,,,,,,,,,,,,,,,,,,,,,,,,,,,,,,,,,,,,,,,,,,,,,,,,,,,,,,,,,,,,,,,
2019-11-18 00:37:01.386648,original,wall,10,False,0.83,200,0.34957021474838257,0.7793696522712708,-1,slidewindow n=5 mode=all,,,,,,,,,,,,,,,,,,,,,,,,,,,,,,,,,,,,,,,,,,,,,,,,,,,,,,,,,,,,,,,,,,,,,,,,,,,,,,,,,,,,,,,,,,,,,
2019-11-18 00:37:01.433524,original,wall,10,False,0.83,200,0.3352435529232025,0.7736389636993408,-1,slidewindow n=6 mode=all,,,,,,,,,,,,,,,,,,,,,,,,,,,,,,,,,,,,,,,,,,,,,,,,,,,,,,,,,,,,,,,,,,,,,,,,,,,,,,,,,,,,,,,,,,,,,
2019-11-18 00:37:01.496023,original,wall,10,False,0.83,200,0.3151862323284149,0.7707736492156982,-1,slidewindow n=7 mode=all,,,,,,,,,,,,,,,,,,,,,,,,,,,,,,,,,,,,,,,,,,,,,,,,,,,,,,,,,,,,,,,,,,,,,,,,,,,,,,,,,,,,,,,,,,,,,
2019-11-18 00:37:31.058295,original,frontview2,10,True,0.83,200,0.270944744348526,0.638146162033081,-1,,,,,,,,,,,,,,,,,,,,,,,,,,,,,,,,,,,,,,,,,,,,,,,,,,,,,,,,,,,,,,,,,,,,,,,,,,,,,,,,,,,,,,,,,,,,,,
2019-11-18 00:37:31.140781,original,frontview2,10,True,0.83,200,0.2531194388866425,0.6809269189834595,-1,slidewindow n=3 mode=first,,,,,,,,,,,,,,,,,,,,,,,,,,,,,,,,,,,,,,,,,,,,,,,,,,,,,,,,,,,,,,,,,,,,,,,,,,,,,,,,,,,,,,,,,,,,,
2019-11-18 00:37:31.230754,original,frontview2,10,True,0.83,200,0.2352941185235977,0.7201426029205322,-1,slidewindow n=4 mode=first,,,,,,,,,,,,,,,,,,,,,,,,,,,,,,,,,,,,,,,,,,,,,,,,,,,,,,,,,,,,,,,,,,,,,,,,,,,,,,,,,,,,,,,,,,,,,
2019-11-18 00:37:31.303731,original,frontview2,10,True,0.83,200,0.2085561454296112,0.7468805909156799,-1,slidewindow n=5 mode=first,,,,,,,,,,,,,,,,,,,,,,,,,,,,,,,,,,,,,,,,,,,,,,,,,,,,,,,,,,,,,,,,,,,,,,,,,,,,,,,,,,,,,,,,,,,,,
2019-11-18 00:37:31.378707,original,frontview2,10,True,0.83,200,0.1764705926179886,0.7754010558128357,-1,slidewindow n=6 mode=first,,,,,,,,,,,,,,,,,,,,,,,,,,,,,,,,,,,,,,,,,,,,,,,,,,,,,,,,,,,,,,,,,,,,,,,,,,,,,,,,,,,,,,,,,,,,,
2019-11-18 00:37:31.457681,original,frontview2,10,True,0.83,200,0.1515151560306549,0.7807486653327942,-1,slidewindow n=7 mode=first,,,,,,,,,,,,,,,,,,,,,,,,,,,,,,,,,,,,,,,,,,,,,,,,,,,,,,,,,,,,,,,,,,,,,,,,,,,,,,,,,,,,,,,,,,,,,
2019-11-18 00:37:31.542670,original,frontview2,10,True,0.83,200,0.17468805611133575,0.7575757503509521,-1,slidewindow n=3 mode=all,,,,,,,,,,,,,,,,,,,,,,,,,,,,,,,,,,,,,,,,,,,,,,,,,,,,,,,,,,,,,,,,,,,,,,,,,,,,,,,,,,,,,,,,,,,,,
2019-11-18 00:37:31.601651,original,frontview2,10,True,0.83,200,0.1568627506494522,0.7843137383460999,-1,slidewindow n=4 mode=all,,,,,,,,,,,,,,,,,,,,,,,,,,,,,,,,,,,,,,,,,,,,,,,,,,,,,,,,,,,,,,,,,,,,,,,,,,,,,,,,,,,,,,,,,,,,,
2019-11-18 00:37:31.660632,original,frontview2,10,True,0.83,200,0.13190731406211853,0.8057041168212891,-1,slidewindow n=5 mode=all,,,,,,,,,,,,,,,,,,,,,,,,,,,,,,,,,,,,,,,,,,,,,,,,,,,,,,,,,,,,,,,,,,,,,,,,,,,,,,,,,,,,,,,,,,,,,
2019-11-18 00:37:31.721613,original,frontview2,10,True,0.83,200,0.1301247775554657,0.8199643492698669,-1,slidewindow n=6 mode=all,,,,,,,,,,,,,,,,,,,,,,,,,,,,,,,,,,,,,,,,,,,,,,,,,,,,,,,,,,,,,,,,,,,,,,,,,,,,,,,,,,,,,,,,,,,,,
2019-11-18 00:37:31.782594,original,frontview2,10,True,0.83,200,0.12299465388059615,0.8199643492698669,-1,slidewindow n=7 mode=all,,,,,,,,,,,,,,,,,,,,,,,,,,,,,,,,,,,,,,,,,,,,,,,,,,,,,,,,,,,,,,,,,,,,,,,,,,,,,,,,,,,,,,,,,,,,,
2019-11-18 00:38:01.116882,original,frontview2,10,False,0.83,200,0.31016042828559875,0.6666666865348816,-1,,,,,,,,,,,,,,,,,,,,,,,,,,,,,,,,,,,,,,,,,,,,,,,,,,,,,,,,,,,,,,,,,,,,,,,,,,,,,,,,,,,,,,,,,,,,,,
2019-11-18 00:38:01.201891,original,frontview2,10,False,0.83,200,0.270944744348526,0.6934046149253845,-1,slidewindow n=3 mode=first,,,,,,,,,,,,,,,,,,,,,,,,,,,,,,,,,,,,,,,,,,,,,,,,,,,,,,,,,,,,,,,,,,,,,,,,,,,,,,,,,,,,,,,,,,,,,
2019-11-18 00:38:01.260871,original,frontview2,10,False,0.83,200,0.2192513346672058,0.7361853718757629,-1,slidewindow n=4 mode=first,,,,,,,,,,,,,,,,,,,,,,,,,,,,,,,,,,,,,,,,,,,,,,,,,,,,,,,,,,,,,,,,,,,,,,,,,,,,,,,,,,,,,,,,,,,,,
2019-11-18 00:38:01.320853,original,frontview2,10,False,0.83,200,0.19429589807987213,0.7664884328842163,-1,slidewindow n=5 mode=first,,,,,,,,,,,,,,,,,,,,,,,,,,,,,,,,,,,,,,,,,,,,,,,,,,,,,,,,,,,,,,,,,,,,,,,,,,,,,,,,,,,,,,,,,,,,,
2019-11-18 00:38:01.378846,original,frontview2,10,False,0.83,200,0.15329767763614655,0.7789661288261414,-1,slidewindow n=6 mode=first,,,,,,,,,,,,,,,,,,,,,,,,,,,,,,,,,,,,,,,,,,,,,,,,,,,,,,,,,,,,,,,,,,,,,,,,,,,,,,,,,,,,,,,,,,,,,
2019-11-18 00:38:01.437827,original,frontview2,10,False,0.83,200,0.1301247775554657,0.7878788113594055,-1,slidewindow n=7 mode=first,,,,,,,,,,,,,,,,,,,,,,,,,,,,,,,,,,,,,,,,,,,,,,,,,,,,,,,,,,,,,,,,,,,,,,,,,,,,,,,,,,,,,,,,,,,,,
2019-11-18 00:38:01.495809,original,frontview2,10,False,0.83,200,0.09269162267446518,0.6934046149253845,-1,slidewindow n=3 mode=all,,,,,,,,,,,,,,,,,,,,,,,,,,,,,,,,,,,,,,,,,,,,,,,,,,,,,,,,,,,,,,,,,,,,,,,,,,,,,,,,,,,,,,,,,,,,,
2019-11-18 00:38:01.554791,original,frontview2,10,False,0.83,200,0.06951871514320374,0.7023172974586487,-1,slidewindow n=4 mode=all,,,,,,,,,,,,,,,,,,,,,,,,,,,,,,,,,,,,,,,,,,,,,,,,,,,,,,,,,,,,,,,,,,,,,,,,,,,,,,,,,,,,,,,,,,,,,
2019-11-18 00:38:01.615771,original,frontview2,10,False,0.83,200,0.06417112052440642,0.7076649069786072,-1,slidewindow n=5 mode=all,,,,,,,,,,,,,,,,,,,,,,,,,,,,,,,,,,,,,,,,,,,,,,,,,,,,,,,,,,,,,,,,,,,,,,,,,,,,,,,,,,,,,,,,,,,,,
2019-11-18 00:38:01.676752,original,frontview2,10,False,0.83,200,0.06595365703105928,0.7040998339653015,-1,slidewindow n=6 mode=all,,,,,,,,,,,,,,,,,,,,,,,,,,,,,,,,,,,,,,,,,,,,,,,,,,,,,,,,,,,,,,,,,,,,,,,,,,,,,,,,,,,,,,,,,,,,,
2019-11-18 00:38:01.738732,original,frontview2,10,False,0.83,200,0.06417112052440642,0.70944744348526,-1,slidewindow n=7 mode=all,,,,,,,,,,,,,,,,,,,,,,,,,,,,,,,,,,,,,,,,,,,,,,,,,,,,,,,,,,,,,,,,,,,,,,,,,,,,,,,,,,,,,,,,,,,,,
2019-11-18 00:38:27.915966,original,floor2,10,True,0.83,200,0.4459459483623505,0.623552143573761,-1,,,,,,,,,,,,,,,,,,,,,,,,,,,,,,,,,,,,,,,,,,,,,,,,,,,,,,,,,,,,,,,,,,,,,,,,,,,,,,,,,,,,,,,,,,,,,,
2019-11-18 00:38:27.984375,original,floor2,10,True,0.83,200,0.4285714328289032,0.6891891956329346,-1,slidewindow n=3 mode=first,,,,,,,,,,,,,,,,,,,,,,,,,,,,,,,,,,,,,,,,,,,,,,,,,,,,,,,,,,,,,,,,,,,,,,,,,,,,,,,,,,,,,,,,,,,,,
2019-11-18 00:38:28.062497,original,floor2,10,True,0.83,200,0.4054054021835327,0.7200772166252136,-1,slidewindow n=4 mode=first,,,,,,,,,,,,,,,,,,,,,,,,,,,,,,,,,,,,,,,,,,,,,,,,,,,,,,,,,,,,,,,,,,,,,,,,,,,,,,,,,,,,,,,,,,,,,
2019-11-18 00:38:28.124998,original,floor2,10,True,0.83,200,0.3706563711166382,0.7316602468490601,-1,slidewindow n=5 mode=first,,,,,,,,,,,,,,,,,,,,,,,,,,,,,,,,,,,,,,,,,,,,,,,,,,,,,,,,,,,,,,,,,,,,,,,,,,,,,,,,,,,,,,,,,,,,,
2019-11-18 00:38:28.171889,original,floor2,10,True,0.83,200,0.3436293303966522,0.7586872577667236,-1,slidewindow n=6 mode=first,,,,,,,,,,,,,,,,,,,,,,,,,,,,,,,,,,,,,,,,,,,,,,,,,,,,,,,,,,,,,,,,,,,,,,,,,,,,,,,,,,,,,,,,,,,,,
2019-11-18 00:38:28.234375,original,floor2,10,True,0.83,200,0.3185328245162964,0.7722007632255554,-1,slidewindow n=7 mode=first,,,,,,,,,,,,,,,,,,,,,,,,,,,,,,,,,,,,,,,,,,,,,,,,,,,,,,,,,,,,,,,,,,,,,,,,,,,,,,,,,,,,,,,,,,,,,
2019-11-18 00:38:28.296874,original,floor2,10,True,0.83,200,0.3223938345909119,0.7027027010917664,-1,slidewindow n=3 mode=all,,,,,,,,,,,,,,,,,,,,,,,,,,,,,,,,,,,,,,,,,,,,,,,,,,,,,,,,,,,,,,,,,,,,,,,,,,,,,,,,,,,,,,,,,,,,,
2019-11-18 00:38:28.359386,original,floor2,10,True,0.83,200,0.2857142984867096,0.7200772166252136,-1,slidewindow n=4 mode=all,,,,,,,,,,,,,,,,,,,,,,,,,,,,,,,,,,,,,,,,,,,,,,,,,,,,,,,,,,,,,,,,,,,,,,,,,,,,,,,,,,,,,,,,,,,,,
2019-11-18 00:38:28.421890,original,floor2,10,True,0.83,200,0.2528957426548004,0.7239382266998291,-1,slidewindow n=5 mode=all,,,,,,,,,,,,,,,,,,,,,,,,,,,,,,,,,,,,,,,,,,,,,,,,,,,,,,,,,,,,,,,,,,,,,,,,,,,,,,,,,,,,,,,,,,,,,
2019-11-18 00:38:28.484385,original,floor2,10,True,0.83,200,0.22972972691059115,0.7393822669982909,-1,slidewindow n=6 mode=all,,,,,,,,,,,,,,,,,,,,,,,,,,,,,,,,,,,,,,,,,,,,,,,,,,,,,,,,,,,,,,,,,,,,,,,,,,,,,,,,,,,,,,,,,,,,,
2019-11-18 00:38:28.546884,original,floor2,10,True,0.83,200,0.2239382266998291,0.7413127422332764,-1,slidewindow n=7 mode=all,,,,,,,,,,,,,,,,,,,,,,,,,,,,,,,,,,,,,,,,,,,,,,,,,,,,,,,,,,,,,,,,,,,,,,,,,,,,,,,,,,,,,,,,,,,,,
2019-11-18 00:38:54.354541,original,floor2,10,False,0.83,200,0.5444015264511108,0.65444016456604,-1,,,,,,,,,,,,,,,,,,,,,,,,,,,,,,,,,,,,,,,,,,,,,,,,,,,,,,,,,,,,,,,,,,,,,,,,,,,,,,,,,,,,,,,,,,,,,,
2019-11-18 00:38:54.442529,original,floor2,10,False,0.83,200,0.5115830302238464,0.7104247212409973,-1,slidewindow n=3 mode=first,,,,,,,,,,,,,,,,,,,,,,,,,,,,,,,,,,,,,,,,,,,,,,,,,,,,,,,,,,,,,,,,,,,,,,,,,,,,,,,,,,,,,,,,,,,,,
2019-11-18 00:38:54.503509,original,floor2,10,False,0.83,200,0.4594594538211823,0.7335907220840454,-1,slidewindow n=4 mode=first,,,,,,,,,,,,,,,,,,,,,,,,,,,,,,,,,,,,,,,,,,,,,,,,,,,,,,,,,,,,,,,,,,,,,,,,,,,,,,,,,,,,,,,,,,,,,
2019-11-18 00:38:54.566490,original,floor2,10,False,0.83,200,0.4150579273700714,0.7393822669982909,-1,slidewindow n=5 mode=first,,,,,,,,,,,,,,,,,,,,,,,,,,,,,,,,,,,,,,,,,,,,,,,,,,,,,,,,,,,,,,,,,,,,,,,,,,,,,,,,,,,,,,,,,,,,,
2019-11-18 00:38:54.626471,original,floor2,10,False,0.83,200,0.3783783912658691,0.7335907220840454,-1,slidewindow n=6 mode=first,,,,,,,,,,,,,,,,,,,,,,,,,,,,,,,,,,,,,,,,,,,,,,,,,,,,,,,,,,,,,,,,,,,,,,,,,,,,,,,,,,,,,,,,,,,,,
2019-11-18 00:38:54.689463,original,floor2,10,False,0.83,200,0.3416988551616669,0.7355212569236755,-1,slidewindow n=7 mode=first,,,,,,,,,,,,,,,,,,,,,,,,,,,,,,,,,,,,,,,,,,,,,,,,,,,,,,,,,,,,,,,,,,,,,,,,,,,,,,,,,,,,,,,,,,,,,
2019-11-18 00:38:54.748445,original,floor2,10,False,0.83,200,0.2471042424440384,0.6640926599502563,-1,slidewindow n=3 mode=all,,,,,,,,,,,,,,,,,,,,,,,,,,,,,,,,,,,,,,,,,,,,,,,,,,,,,,,,,,,,,,,,,,,,,,,,,,,,,,,,,,,,,,,,,,,,,
2019-11-18 00:38:54.808425,original,floor2,10,False,0.83,200,0.1814671754837036,0.6660231947898865,-1,slidewindow n=4 mode=all,,,,,,,,,,,,,,,,,,,,,,,,,,,,,,,,,,,,,,,,,,,,,,,,,,,,,,,,,,,,,,,,,,,,,,,,,,,,,,,,,,,,,,,,,,,,,
2019-11-18 00:38:54.869406,original,floor2,10,False,0.83,200,0.1718146651983261,0.6698841452598572,-1,slidewindow n=5 mode=all,,,,,,,,,,,,,,,,,,,,,,,,,,,,,,,,,,,,,,,,,,,,,,,,,,,,,,,,,,,,,,,,,,,,,,,,,,,,,,,,,,,,,,,,,,,,,
2019-11-18 00:38:54.930387,original,floor2,10,False,0.83,200,0.1428571492433548,0.6814671754837036,-1,slidewindow n=6 mode=all,,,,,,,,,,,,,,,,,,,,,,,,,,,,,,,,,,,,,,,,,,,,,,,,,,,,,,,,,,,,,,,,,,,,,,,,,,,,,,,,,,,,,,,,,,,,,
2019-11-18 00:38:54.982889,original,floor2,10,False,0.83,200,0.13706563413143158,0.6891891956329346,-1,slidewindow n=7 mode=all,,,,,,,,,,,,,,,,,,,,,,,,,,,,,,,,,,,,,,,,,,,,,,,,,,,,,,,,,,,,,,,,,,,,,,,,,,,,,,,,,,,,,,,,,,,,,
2019-11-18 00:39:22.055731,no-masked-trimed,wall,3,True,0.83,200,0.5042979717254639,0.532951295375824,-1,,,,,,,,,,,,,,,,,,,,,,,,,,,,,,,,,,,,,,,,,,,,,,,,,,,,,,,,,,,,,,,,,,,,,,,,,,,,,,,,,,,,,,,,,,,,,,
2019-11-18 00:39:22.142574,no-masked-trimed,wall,3,True,0.83,200,0.4871060252189636,0.5730658769607544,-1,slidewindow n=3 mode=first,,,,,,,,,,,,,,,,,,,,,,,,,,,,,,,,,,,,,,,,,,,,,,,,,,,,,,,,,,,,,,,,,,,,,,,,,,,,,,,,,,,,,,,,,,,,,
2019-11-18 00:39:22.236324,no-masked-trimed,wall,3,True,0.83,200,0.4383954107761383,0.5816618800163269,-1,slidewindow n=4 mode=first,,,,,,,,,,,,,,,,,,,,,,,,,,,,,,,,,,,,,,,,,,,,,,,,,,,,,,,,,,,,,,,,,,,,,,,,,,,,,,,,,,,,,,,,,,,,,
2019-11-18 00:39:22.298841,no-masked-trimed,wall,3,True,0.83,200,0.40401145815849293,0.5902578830718994,-1,slidewindow n=5 mode=first,,,,,,,,,,,,,,,,,,,,,,,,,,,,,,,,,,,,,,,,,,,,,,,,,,,,,,,,,,,,,,,,,,,,,,,,,,,,,,,,,,,,,,,,,,,,,
2019-11-18 00:39:22.345713,no-masked-trimed,wall,3,True,0.83,200,0.3724928498268128,0.5902578830718994,-1,slidewindow n=6 mode=first,,,,,,,,,,,,,,,,,,,,,,,,,,,,,,,,,,,,,,,,,,,,,,,,,,,,,,,,,,,,,,,,,,,,,,,,,,,,,,,,,,,,,,,,,,,,,
2019-11-18 00:39:22.408216,no-masked-trimed,wall,3,True,0.83,200,0.343839555978775,0.5988538861274719,-1,slidewindow n=7 mode=first,,,,,,,,,,,,,,,,,,,,,,,,,,,,,,,,,,,,,,,,,,,,,,,,,,,,,,,,,,,,,,,,,,,,,,,,,,,,,,,,,,,,,,,,,,,,,
2019-11-18 00:39:22.470712,no-masked-trimed,wall,3,True,0.83,200,0.30085960030555725,0.5959885120391846,-1,slidewindow n=3 mode=all,,,,,,,,,,,,,,,,,,,,,,,,,,,,,,,,,,,,,,,,,,,,,,,,,,,,,,,,,,,,,,,,,,,,,,,,,,,,,,,,,,,,,,,,,,,,,
2019-11-18 00:39:22.517576,no-masked-trimed,wall,3,True,0.83,200,0.2865329384803772,0.593123197555542,-1,slidewindow n=4 mode=all,,,,,,,,,,,,,,,,,,,,,,,,,,,,,,,,,,,,,,,,,,,,,,,,,,,,,,,,,,,,,,,,,,,,,,,,,,,,,,,,,,,,,,,,,,,,,
2019-11-18 00:39:22.580091,no-masked-trimed,wall,3,True,0.83,200,0.2578796446323395,0.5902578830718994,-1,slidewindow n=5 mode=all,,,,,,,,,,,,,,,,,,,,,,,,,,,,,,,,,,,,,,,,,,,,,,,,,,,,,,,,,,,,,,,,,,,,,,,,,,,,,,,,,,,,,,,,,,,,,
2019-11-18 00:39:22.642592,no-masked-trimed,wall,3,True,0.83,200,0.2550143301486969,0.5959885120391846,-1,slidewindow n=6 mode=all,,,,,,,,,,,,,,,,,,,,,,,,,,,,,,,,,,,,,,,,,,,,,,,,,,,,,,,,,,,,,,,,,,,,,,,,,,,,,,,,,,,,,,,,,,,,,
2019-11-18 00:39:22.705093,no-masked-trimed,wall,3,True,0.83,200,0.24068768322467804,0.5902578830718994,-1,slidewindow n=7 mode=all,,,,,,,,,,,,,,,,,,,,,,,,,,,,,,,,,,,,,,,,,,,,,,,,,,,,,,,,,,,,,,,,,,,,,,,,,,,,,,,,,,,,,,,,,,,,,
2019-11-18 00:39:41.515137,no-masked-trimed,wall,3,False,0.83,200,0.4899713397026062,0.5472779273986816,-1,,,,,,,,,,,,,,,,,,,,,,,,,,,,,,,,,,,,,,,,,,,,,,,,,,,,,,,,,,,,,,,,,,,,,,,,,,,,,,,,,,,,,,,,,,,,,,
2019-11-18 00:39:41.580283,no-masked-trimed,wall,3,False,0.83,200,0.4326647520065308,0.5702005624771118,-1,slidewindow n=3 mode=first,,,,,,,,,,,,,,,,,,,,,,,,,,,,,,,,,,,,,,,,,,,,,,,,,,,,,,,,,,,,,,,,,,,,,,,,,,,,,,,,,,,,,,,,,,,,,
2019-11-18 00:39:41.640262,no-masked-trimed,wall,3,False,0.83,200,0.3724928498268128,0.5816618800163269,-1,slidewindow n=4 mode=first,,,,,,,,,,,,,,,,,,,,,,,,,,,,,,,,,,,,,,,,,,,,,,,,,,,,,,,,,,,,,,,,,,,,,,,,,,,,,,,,,,,,,,,,,,,,,
2019-11-18 00:39:41.708241,no-masked-trimed,wall,3,False,0.83,200,0.3352435529232025,0.5902578830718994,-1,slidewindow n=5 mode=first,,,,,,,,,,,,,,,,,,,,,,,,,,,,,,,,,,,,,,,,,,,,,,,,,,,,,,,,,,,,,,,,,,,,,,,,,,,,,,,,,,,,,,,,,,,,,
2019-11-18 00:39:41.767235,no-masked-trimed,wall,3,False,0.83,200,0.3151862323284149,0.5845271944999695,-1,slidewindow n=6 mode=first,,,,,,,,,,,,,,,,,,,,,,,,,,,,,,,,,,,,,,,,,,,,,,,,,,,,,,,,,,,,,,,,,,,,,,,,,,,,,,,,,,,,,,,,,,,,,
2019-11-18 00:39:41.825216,no-masked-trimed,wall,3,False,0.83,200,0.2865329384803772,0.5873925685882568,-1,slidewindow n=7 mode=first,,,,,,,,,,,,,,,,,,,,,,,,,,,,,,,,,,,,,,,,,,,,,,,,,,,,,,,,,,,,,,,,,,,,,,,,,,,,,,,,,,,,,,,,,,,,,
2019-11-18 00:39:41.882198,no-masked-trimed,wall,3,False,0.83,200,0.1862464249134064,0.5444126129150391,-1,slidewindow n=3 mode=all,,,,,,,,,,,,,,,,,,,,,,,,,,,,,,,,,,,,,,,,,,,,,,,,,,,,,,,,,,,,,,,,,,,,,,,,,,,,,,,,,,,,,,,,,,,,,
2019-11-18 00:39:41.940180,no-masked-trimed,wall,3,False,0.83,200,0.15186245739459991,0.532951295375824,-1,slidewindow n=4 mode=all,,,,,,,,,,,,,,,,,,,,,,,,,,,,,,,,,,,,,,,,,,,,,,,,,,,,,,,,,,,,,,,,,,,,,,,,,,,,,,,,,,,,,,,,,,,,,
2019-11-18 00:39:41.983733,no-masked-trimed,wall,3,False,0.83,200,0.14040113985538485,0.5272206068038939,-1,slidewindow n=5 mode=all,,,,,,,,,,,,,,,,,,,,,,,,,,,,,,,,,,,,,,,,,,,,,,,,,,,,,,,,,,,,,,,,,,,,,,,,,,,,,,,,,,,,,,,,,,,,,
2019-11-18 00:39:42.046232,no-masked-trimed,wall,3,False,0.83,200,0.12034384161233902,0.532951295375824,-1,slidewindow n=6 mode=all,,,,,,,,,,,,,,,,,,,,,,,,,,,,,,,,,,,,,,,,,,,,,,,,,,,,,,,,,,,,,,,,,,,,,,,,,,,,,,,,,,,,,,,,,,,,,
2019-11-18 00:39:42.108732,no-masked-trimed,wall,3,False,0.83,200,0.12034384161233902,0.5415472984313965,-1,slidewindow n=7 mode=all,,,,,,,,,,,,,,,,,,,,,,,,,,,,,,,,,,,,,,,,,,,,,,,,,,,,,,,,,,,,,,,,,,,,,,,,,,,,,,,,,,,,,,,,,,,,,
2019-11-18 00:40:10.575297,no-masked-trimed,frontview2,3,True,0.83,200,0.20142602920532227,0.4919786155223846,-1,,,,,,,,,,,,,,,,,,,,,,,,,,,,,,,,,,,,,,,,,,,,,,,,,,,,,,,,,,,,,,,,,,,,,,,,,,,,,,,,,,,,,,,,,,,,,,
2019-11-18 00:40:10.683397,no-masked-trimed,frontview2,3,True,0.83,200,0.1764705926179886,0.5169340372085571,-1,slidewindow n=3 mode=first,,,,,,,,,,,,,,,,,,,,,,,,,,,,,,,,,,,,,,,,,,,,,,,,,,,,,,,,,,,,,,,,,,,,,,,,,,,,,,,,,,,,,,,,,,,,,
2019-11-18 00:40:10.752958,no-masked-trimed,frontview2,3,True,0.83,200,0.1408199667930603,0.5454545617103577,-1,slidewindow n=4 mode=first,,,,,,,,,,,,,,,,,,,,,,,,,,,,,,,,,,,,,,,,,,,,,,,,,,,,,,,,,,,,,,,,,,,,,,,,,,,,,,,,,,,,,,,,,,,,,
2019-11-18 00:40:10.815471,no-masked-trimed,frontview2,3,True,0.83,200,0.11229946464300156,0.565062403678894,-1,slidewindow n=5 mode=first,,,,,,,,,,,,,,,,,,,,,,,,,,,,,,,,,,,,,,,,,,,,,,,,,,,,,,,,,,,,,,,,,,,,,,,,,,,,,,,,,,,,,,,,,,,,,
2019-11-18 00:40:10.877974,no-masked-trimed,frontview2,3,True,0.83,200,0.10160427540540697,0.5864527821540833,-1,slidewindow n=6 mode=first,,,,,,,,,,,,,,,,,,,,,,,,,,,,,,,,,,,,,,,,,,,,,,,,,,,,,,,,,,,,,,,,,,,,,,,,,,,,,,,,,,,,,,,,,,,,,
2019-11-18 00:40:10.940470,no-masked-trimed,frontview2,3,True,0.83,200,0.0944741517305374,0.5971479415893555,-1,slidewindow n=7 mode=first,,,,,,,,,,,,,,,,,,,,,,,,,,,,,,,,,,,,,,,,,,,,,,,,,,,,,,,,,,,,,,,,,,,,,,,,,,,,,,,,,,,,,,,,,,,,,
2019-11-18 00:40:11.002970,no-masked-trimed,frontview2,3,True,0.83,200,0.11229946464300156,0.5490196347236633,-1,slidewindow n=3 mode=all,,,,,,,,,,,,,,,,,,,,,,,,,,,,,,,,,,,,,,,,,,,,,,,,,,,,,,,,,,,,,,,,,,,,,,,,,,,,,,,,,,,,,,,,,,,,,
2019-11-18 00:40:11.065471,no-masked-trimed,frontview2,3,True,0.83,200,0.09625668078660964,0.5579322576522827,-1,slidewindow n=4 mode=all,,,,,,,,,,,,,,,,,,,,,,,,,,,,,,,,,,,,,,,,,,,,,,,,,,,,,,,,,,,,,,,,,,,,,,,,,,,,,,,,,,,,,,,,,,,,,
2019-11-18 00:40:11.127970,no-masked-trimed,frontview2,3,True,0.83,200,0.09090909361839294,0.5757575631141663,-1,slidewindow n=5 mode=all,,,,,,,,,,,,,,,,,,,,,,,,,,,,,,,,,,,,,,,,,,,,,,,,,,,,,,,,,,,,,,,,,,,,,,,,,,,,,,,,,,,,,,,,,,,,,
2019-11-18 00:40:11.206095,no-masked-trimed,frontview2,3,True,0.83,200,0.0784313753247261,0.5757575631141663,-1,slidewindow n=6 mode=all,,,,,,,,,,,,,,,,,,,,,,,,,,,,,,,,,,,,,,,,,,,,,,,,,,,,,,,,,,,,,,,,,,,,,,,,,,,,,,,,,,,,,,,,,,,,,
2019-11-18 00:40:11.268595,no-masked-trimed,frontview2,3,True,0.83,200,0.0730837807059288,0.5775400996208191,-1,slidewindow n=7 mode=all,,,,,,,,,,,,,,,,,,,,,,,,,,,,,,,,,,,,,,,,,,,,,,,,,,,,,,,,,,,,,,,,,,,,,,,,,,,,,,,,,,,,,,,,,,,,,
2019-11-18 00:40:39.438574,no-masked-trimed,frontview2,3,False,0.83,200,0.2602495551109314,0.4474153220653534,-1,,,,,,,,,,,,,,,,,,,,,,,,,,,,,,,,,,,,,,,,,,,,,,,,,,,,,,,,,,,,,,,,,,,,,,,,,,,,,,,,,,,,,,,,,,,,,,
2019-11-18 00:40:39.525480,no-masked-trimed,frontview2,3,False,0.83,200,0.22103387117385864,0.4670231640338898,-1,slidewindow n=3 mode=first,,,,,,,,,,,,,,,,,,,,,,,,,,,,,,,,,,,,,,,,,,,,,,,,,,,,,,,,,,,,,,,,,,,,,,,,,,,,,,,,,,,,,,,,,,,,,
2019-11-18 00:40:39.591459,no-masked-trimed,frontview2,3,False,0.83,200,0.1853832453489304,0.4848484992980957,-1,slidewindow n=4 mode=first,,,,,,,,,,,,,,,,,,,,,,,,,,,,,,,,,,,,,,,,,,,,,,,,,,,,,,,,,,,,,,,,,,,,,,,,,,,,,,,,,,,,,,,,,,,,,
2019-11-18 00:40:39.657456,no-masked-trimed,frontview2,3,False,0.83,200,0.14795008301734924,0.4919786155223846,-1,slidewindow n=5 mode=first,,,,,,,,,,,,,,,,,,,,,,,,,,,,,,,,,,,,,,,,,,,,,,,,,,,,,,,,,,,,,,,,,,,,,,,,,,,,,,,,,,,,,,,,,,,,,
2019-11-18 00:40:39.721431,no-masked-trimed,frontview2,3,False,0.83,200,0.11229946464300156,0.5062388777732849,-1,slidewindow n=6 mode=first,,,,,,,,,,,,,,,,,,,,,,,,,,,,,,,,,,,,,,,,,,,,,,,,,,,,,,,,,,,,,,,,,,,,,,,,,,,,,,,,,,,,,,,,,,,,,
2019-11-18 00:40:39.786410,no-masked-trimed,frontview2,3,False,0.83,200,0.0944741517305374,0.5098039507865906,-1,slidewindow n=7 mode=first,,,,,,,,,,,,,,,,,,,,,,,,,,,,,,,,,,,,,,,,,,,,,,,,,,,,,,,,,,,,,,,,,,,,,,,,,,,,,,,,,,,,,,,,,,,,,
