timestamp,ref,val,n-sample,knn,threshold,n-box,acc-full,acc-bbox,mAP,memo,AP0,AP1,AP2,AP3,AP4,AP5,AP6,AP7,AP8,AP9,AP10,AP11,AP12,AP13,AP14,AP15,AP16,AP17,AP18,AP19,AP20,AP21,AP22,AP23,AP24,AP25,AP26,AP27,AP28,AP29,AP30,FP0,FP1,FP2,FP3,FP4,FP5,FP6,FP7,FP8,FP9,FP10,FP11,FP12,FP13,FP14,FP15,FP16,FP17,FP18,FP19,FP20,FP21,FP22,FP23,FP24,FP25,FP26,FP27,FP28,FP29,FP30,TP0,TP1,TP2,TP3,TP4,TP5,TP6,TP7,TP8,TP9,TP10,TP11,TP12,TP13,TP14,TP15,TP16,TP17,TP18,TP19,TP20,TP21,TP22,TP23,TP24,TP25,TP26,TP27,TP28,TP29,TP30
2019-11-15 13:04:18.741038,no-masked-trimed,wall,10,True,0.83,200,0.7020057439804077,0.7851002812385559,-1.0,,,,,,,,,,,,,,,,,,,,,,,,,,,,,,,,,,,,,,,,,,,,,,,,,,,,,,,,,,,,,,,,,,,,,,,,,,,,,,,,,,,,,,,,,,,,,,
2019-11-15 13:04:18.784025,no-masked-trimed,wall,10,True,0.83,200,0.6733524203300476,0.8223495483398438,-1.0,slidewindow n=3 mode=first,,,,,,,,,,,,,,,,,,,,,,,,,,,,,,,,,,,,,,,,,,,,,,,,,,,,,,,,,,,,,,,,,,,,,,,,,,,,,,,,,,,,,,,,,,,,,
2019-11-15 13:04:18.823012,no-masked-trimed,wall,10,True,0.83,200,0.65329509973526,0.8366762399673462,-1.0,slidewindow n=4 mode=first,,,,,,,,,,,,,,,,,,,,,,,,,,,,,,,,,,,,,,,,,,,,,,,,,,,,,,,,,,,,,,,,,,,,,,,,,,,,,,,,,,,,,,,,,,,,,
2019-11-15 13:04:18.870997,no-masked-trimed,wall,10,True,0.83,200,0.6189111471176147,0.8395415544509888,-1.0,slidewindow n=5 mode=first,,,,,,,,,,,,,,,,,,,,,,,,,,,,,,,,,,,,,,,,,,,,,,,,,,,,,,,,,,,,,,,,,,,,,,,,,,,,,,,,,,,,,,,,,,,,,
2019-11-15 13:04:18.914983,no-masked-trimed,wall,10,True,0.83,200,0.5730658769607544,0.8424068689346313,-1.0,slidewindow n=6 mode=first,,,,,,,,,,,,,,,,,,,,,,,,,,,,,,,,,,,,,,,,,,,,,,,,,,,,,,,,,,,,,,,,,,,,,,,,,,,,,,,,,,,,,,,,,,,,,
2019-11-15 13:04:18.949971,no-masked-trimed,wall,10,True,0.83,200,0.5243552923202515,0.8366762399673462,-1.0,slidewindow n=7 mode=first,,,,,,,,,,,,,,,,,,,,,,,,,,,,,,,,,,,,,,,,,,,,,,,,,,,,,,,,,,,,,,,,,,,,,,,,,,,,,,,,,,,,,,,,,,,,,
2019-11-15 13:04:18.987959,no-masked-trimed,wall,10,True,0.83,200,0.469914048910141,0.856733500957489,-1.0,slidewindow n=3 mode=all,,,,,,,,,,,,,,,,,,,,,,,,,,,,,,,,,,,,,,,,,,,,,,,,,,,,,,,,,,,,,,,,,,,,,,,,,,,,,,,,,,,,,,,,,,,,,
2019-11-15 13:04:19.025960,no-masked-trimed,wall,10,True,0.83,200,0.4355300962924957,0.8595988750457764,-1.0,slidewindow n=4 mode=all,,,,,,,,,,,,,,,,,,,,,,,,,,,,,,,,,,,,,,,,,,,,,,,,,,,,,,,,,,,,,,,,,,,,,,,,,,,,,,,,,,,,,,,,,,,,,
2019-11-15 13:04:19.063937,no-masked-trimed,wall,10,True,0.83,200,0.4154727756977081,0.8538681864738464,-1.0,slidewindow n=5 mode=all,,,,,,,,,,,,,,,,,,,,,,,,,,,,,,,,,,,,,,,,,,,,,,,,,,,,,,,,,,,,,,,,,,,,,,,,,,,,,,,,,,,,,,,,,,,,,
2019-11-15 13:04:19.102923,no-masked-trimed,wall,10,True,0.83,200,0.3868194818496704,0.8510028719902039,-1.0,slidewindow n=6 mode=all,,,,,,,,,,,,,,,,,,,,,,,,,,,,,,,,,,,,,,,,,,,,,,,,,,,,,,,,,,,,,,,,,,,,,,,,,,,,,,,,,,,,,,,,,,,,,
2019-11-15 13:04:19.141911,no-masked-trimed,wall,10,True,0.83,200,0.38395416736602783,0.8452721834182739,-1.0,slidewindow n=7 mode=all,,,,,,,,,,,,,,,,,,,,,,,,,,,,,,,,,,,,,,,,,,,,,,,,,,,,,,,,,,,,,,,,,,,,,,,,,,,,,,,,,,,,,,,,,,,,,
2019-11-15 13:04:40.252496,no-masked-trimed,wall,10,False,0.83,200,0.7621776461601257,0.7822349667549133,-1.0,,,,,,,,,,,,,,,,,,,,,,,,,,,,,,,,,,,,,,,,,,,,,,,,,,,,,,,,,,,,,,,,,,,,,,,,,,,,,,,,,,,,,,,,,,,,,,
2019-11-15 13:04:40.305479,no-masked-trimed,wall,10,False,0.83,200,0.7421203255653381,0.8108882308006287,-1.0,slidewindow n=3 mode=first,,,,,,,,,,,,,,,,,,,,,,,,,,,,,,,,,,,,,,,,,,,,,,,,,,,,,,,,,,,,,,,,,,,,,,,,,,,,,,,,,,,,,,,,,,,,,
2019-11-15 13:04:40.357909,no-masked-trimed,wall,10,False,0.83,200,0.6991404294967651,0.8166189193725586,-1.0,slidewindow n=4 mode=first,,,,,,,,,,,,,,,,,,,,,,,,,,,,,,,,,,,,,,,,,,,,,,,,,,,,,,,,,,,,,,,,,,,,,,,,,,,,,,,,,,,,,,,,,,,,,
2019-11-15 13:04:40.403895,no-masked-trimed,wall,10,False,0.83,200,0.6446991562843323,0.8080229163169861,-1.0,slidewindow n=5 mode=first,,,,,,,,,,,,,,,,,,,,,,,,,,,,,,,,,,,,,,,,,,,,,,,,,,,,,,,,,,,,,,,,,,,,,,,,,,,,,,,,,,,,,,,,,,,,,
2019-11-15 13:04:40.446882,no-masked-trimed,wall,10,False,0.83,200,0.593123197555542,0.8137536048889159,-1.0,slidewindow n=6 mode=first,,,,,,,,,,,,,,,,,,,,,,,,,,,,,,,,,,,,,,,,,,,,,,,,,,,,,,,,,,,,,,,,,,,,,,,,,,,,,,,,,,,,,,,,,,,,,
2019-11-15 13:04:40.482870,no-masked-trimed,wall,10,False,0.83,200,0.5673352479934692,0.8108882308006287,-1.0,slidewindow n=7 mode=first,,,,,,,,,,,,,,,,,,,,,,,,,,,,,,,,,,,,,,,,,,,,,,,,,,,,,,,,,,,,,,,,,,,,,,,,,,,,,,,,,,,,,,,,,,,,,
2019-11-15 13:04:40.521857,no-masked-trimed,wall,10,False,0.83,200,0.4097421169281006,0.8108882308006287,-1.0,slidewindow n=3 mode=all,,,,,,,,,,,,,,,,,,,,,,,,,,,,,,,,,,,,,,,,,,,,,,,,,,,,,,,,,,,,,,,,,,,,,,,,,,,,,,,,,,,,,,,,,,,,,
2019-11-15 13:04:40.565844,no-masked-trimed,wall,10,False,0.83,200,0.3381088972091675,0.8080229163169861,-1.0,slidewindow n=4 mode=all,,,,,,,,,,,,,,,,,,,,,,,,,,,,,,,,,,,,,,,,,,,,,,,,,,,,,,,,,,,,,,,,,,,,,,,,,,,,,,,,,,,,,,,,,,,,,
2019-11-15 13:04:40.608830,no-masked-trimed,wall,10,False,0.83,200,0.3209168910980225,0.8108882308006287,-1.0,slidewindow n=5 mode=all,,,,,,,,,,,,,,,,,,,,,,,,,,,,,,,,,,,,,,,,,,,,,,,,,,,,,,,,,,,,,,,,,,,,,,,,,,,,,,,,,,,,,,,,,,,,,
2019-11-15 13:04:40.651816,no-masked-trimed,wall,10,False,0.83,200,0.3151862323284149,0.8051576018333435,-1.0,slidewindow n=6 mode=all,,,,,,,,,,,,,,,,,,,,,,,,,,,,,,,,,,,,,,,,,,,,,,,,,,,,,,,,,,,,,,,,,,,,,,,,,,,,,,,,,,,,,,,,,,,,,
2019-11-15 13:04:40.694803,no-masked-trimed,wall,10,False,0.83,200,0.32664754986763,0.8022922873497009,-1.0,slidewindow n=7 mode=all,,,,,,,,,,,,,,,,,,,,,,,,,,,,,,,,,,,,,,,,,,,,,,,,,,,,,,,,,,,,,,,,,,,,,,,,,,,,,,,,,,,,,,,,,,,,,
2019-11-15 13:05:14.455211,no-masked-trimed,frontview2,10,True,0.83,200,0.19607843458652496,0.6595365405082703,-1.0,,,,,,,,,,,,,,,,,,,,,,,,,,,,,,,,,,,,,,,,,,,,,,,,,,,,,,,,,,,,,,,,,,,,,,,,,,,,,,,,,,,,,,,,,,,,,,
2019-11-15 13:05:14.518192,no-masked-trimed,frontview2,10,True,0.83,200,0.1764705926179886,0.7397504448890686,-1.0,slidewindow n=3 mode=first,,,,,,,,,,,,,,,,,,,,,,,,,,,,,,,,,,,,,,,,,,,,,,,,,,,,,,,,,,,,,,,,,,,,,,,,,,,,,,,,,,,,,,,,,,,,,
2019-11-15 13:05:14.574173,no-masked-trimed,frontview2,10,True,0.83,200,0.14795008301734924,0.7700534462928772,-1.0,slidewindow n=4 mode=first,,,,,,,,,,,,,,,,,,,,,,,,,,,,,,,,,,,,,,,,,,,,,,,,,,,,,,,,,,,,,,,,,,,,,,,,,,,,,,,,,,,,,,,,,,,,,
2019-11-15 13:05:14.633155,no-masked-trimed,frontview2,10,True,0.83,200,0.12655971944332126,0.8021390438079834,-1.0,slidewindow n=5 mode=first,,,,,,,,,,,,,,,,,,,,,,,,,,,,,,,,,,,,,,,,,,,,,,,,,,,,,,,,,,,,,,,,,,,,,,,,,,,,,,,,,,,,,,,,,,,,,
2019-11-15 13:05:14.675141,no-masked-trimed,frontview2,10,True,0.83,200,0.10873440653085707,0.8288770318031311,-1.0,slidewindow n=6 mode=first,,,,,,,,,,,,,,,,,,,,,,,,,,,,,,,,,,,,,,,,,,,,,,,,,,,,,,,,,,,,,,,,,,,,,,,,,,,,,,,,,,,,,,,,,,,,,
2019-11-15 13:05:14.722127,no-masked-trimed,frontview2,10,True,0.83,200,0.10873440653085707,0.8484848737716675,-1.0,slidewindow n=7 mode=first,,,,,,,,,,,,,,,,,,,,,,,,,,,,,,,,,,,,,,,,,,,,,,,,,,,,,,,,,,,,,,,,,,,,,,,,,,,,,,,,,,,,,,,,,,,,,
2019-11-15 13:05:14.768112,no-masked-trimed,frontview2,10,True,0.83,200,0.11229946464300156,0.7914438247680664,-1.0,slidewindow n=3 mode=all,,,,,,,,,,,,,,,,,,,,,,,,,,,,,,,,,,,,,,,,,,,,,,,,,,,,,,,,,,,,,,,,,,,,,,,,,,,,,,,,,,,,,,,,,,,,,
2019-11-15 13:05:14.825094,no-masked-trimed,frontview2,10,True,0.83,200,0.09269162267446518,0.8181818127632141,-1.0,slidewindow n=4 mode=all,,,,,,,,,,,,,,,,,,,,,,,,,,,,,,,,,,,,,,,,,,,,,,,,,,,,,,,,,,,,,,,,,,,,,,,,,,,,,,,,,,,,,,,,,,,,,
2019-11-15 13:05:14.871079,no-masked-trimed,frontview2,10,True,0.83,200,0.08556149899959564,0.8377896547317505,-1.0,slidewindow n=5 mode=all,,,,,,,,,,,,,,,,,,,,,,,,,,,,,,,,,,,,,,,,,,,,,,,,,,,,,,,,,,,,,,,,,,,,,,,,,,,,,,,,,,,,,,,,,,,,,
2019-11-15 13:05:14.918254,no-masked-trimed,frontview2,10,True,0.83,200,0.07664883881807327,0.8609625697135925,-1.0,slidewindow n=6 mode=all,,,,,,,,,,,,,,,,,,,,,,,,,,,,,,,,,,,,,,,,,,,,,,,,,,,,,,,,,,,,,,,,,,,,,,,,,,,,,,,,,,,,,,,,,,,,,
2019-11-15 13:05:14.968238,no-masked-trimed,frontview2,10,True,0.83,200,0.0784313753247261,0.8627451062202454,-1.0,slidewindow n=7 mode=all,,,,,,,,,,,,,,,,,,,,,,,,,,,,,,,,,,,,,,,,,,,,,,,,,,,,,,,,,,,,,,,,,,,,,,,,,,,,,,,,,,,,,,,,,,,,,
2019-11-15 13:05:46.560213,no-masked-trimed,frontview2,10,False,0.83,200,0.21746881306171406,0.7005347609519958,-1.0,,,,,,,,,,,,,,,,,,,,,,,,,,,,,,,,,,,,,,,,,,,,,,,,,,,,,,,,,,,,,,,,,,,,,,,,,,,,,,,,,,,,,,,,,,,,,,
2019-11-15 13:05:46.613196,no-masked-trimed,frontview2,10,False,0.83,200,0.16755792498588562,0.7415329813957214,-1.0,slidewindow n=3 mode=first,,,,,,,,,,,,,,,,,,,,,,,,,,,,,,,,,,,,,,,,,,,,,,,,,,,,,,,,,,,,,,,,,,,,,,,,,,,,,,,,,,,,,,,,,,,,,
2019-11-15 13:05:46.670178,no-masked-trimed,frontview2,10,False,0.83,200,0.13190731406211853,0.7807486653327942,-1.0,slidewindow n=4 mode=first,,,,,,,,,,,,,,,,,,,,,,,,,,,,,,,,,,,,,,,,,,,,,,,,,,,,,,,,,,,,,,,,,,,,,,,,,,,,,,,,,,,,,,,,,,,,,
2019-11-15 13:05:46.725161,no-masked-trimed,frontview2,10,False,0.83,200,0.1194295883178711,0.8057041168212891,-1.0,slidewindow n=5 mode=first,,,,,,,,,,,,,,,,,,,,,,,,,,,,,,,,,,,,,,,,,,,,,,,,,,,,,,,,,,,,,,,,,,,,,,,,,,,,,,,,,,,,,,,,,,,,,
2019-11-15 13:05:46.770146,no-masked-trimed,frontview2,10,False,0.83,200,0.09625668078660964,0.8181818127632141,-1.0,slidewindow n=6 mode=first,,,,,,,,,,,,,,,,,,,,,,,,,,,,,,,,,,,,,,,,,,,,,,,,,,,,,,,,,,,,,,,,,,,,,,,,,,,,,,,,,,,,,,,,,,,,,
2019-11-15 13:05:46.813134,no-masked-trimed,frontview2,10,False,0.83,200,0.08199643343687057,0.8306595087051392,-1.0,slidewindow n=7 mode=first,,,,,,,,,,,,,,,,,,,,,,,,,,,,,,,,,,,,,,,,,,,,,,,,,,,,,,,,,,,,,,,,,,,,,,,,,,,,,,,,,,,,,,,,,,,,,
2019-11-15 13:05:46.857120,no-masked-trimed,frontview2,10,False,0.83,200,0.0677361860871315,0.77183598279953,-1.0,slidewindow n=3 mode=all,,,,,,,,,,,,,,,,,,,,,,,,,,,,,,,,,,,,,,,,,,,,,,,,,,,,,,,,,,,,,,,,,,,,,,,,,,,,,,,,,,,,,,,,,,,,,
2019-11-15 13:05:46.901378,no-masked-trimed,frontview2,10,False,0.83,200,0.053475935012102134,0.8110516667366028,-1.0,slidewindow n=4 mode=all,,,,,,,,,,,,,,,,,,,,,,,,,,,,,,,,,,,,,,,,,,,,,,,,,,,,,,,,,,,,,,,,,,,,,,,,,,,,,,,,,,,,,,,,,,,,,
2019-11-15 13:05:46.948363,no-masked-trimed,frontview2,10,False,0.83,200,0.05525846779346466,0.8217468857765198,-1.0,slidewindow n=5 mode=all,,,,,,,,,,,,,,,,,,,,,,,,,,,,,,,,,,,,,,,,,,,,,,,,,,,,,,,,,,,,,,,,,,,,,,,,,,,,,,,,,,,,,,,,,,,,,
2019-11-15 13:05:46.994348,no-masked-trimed,frontview2,10,False,0.83,200,0.05525846779346466,0.8288770318031311,-1.0,slidewindow n=6 mode=all,,,,,,,,,,,,,,,,,,,,,,,,,,,,,,,,,,,,,,,,,,,,,,,,,,,,,,,,,,,,,,,,,,,,,,,,,,,,,,,,,,,,,,,,,,,,,
2019-11-15 13:05:47.042317,no-masked-trimed,frontview2,10,False,0.83,200,0.05525846779346466,0.8431372642517091,-1.0,slidewindow n=7 mode=all,,,,,,,,,,,,,,,,,,,,,,,,,,,,,,,,,,,,,,,,,,,,,,,,,,,,,,,,,,,,,,,,,,,,,,,,,,,,,,,,,,,,,,,,,,,,,
2019-11-15 13:06:15.132669,no-masked-trimed,floor2,10,True,0.83,200,0.46138995885849,0.6216216087341309,-1.0,,,,,,,,,,,,,,,,,,,,,,,,,,,,,,,,,,,,,,,,,,,,,,,,,,,,,,,,,,,,,,,,,,,,,,,,,,,,,,,,,,,,,,,,,,,,,,
2019-11-15 13:06:15.185653,no-masked-trimed,floor2,10,True,0.83,200,0.43629342317581177,0.6795367002487183,-1.0,slidewindow n=3 mode=first,,,,,,,,,,,,,,,,,,,,,,,,,,,,,,,,,,,,,,,,,,,,,,,,,,,,,,,,,,,,,,,,,,,,,,,,,,,,,,,,,,,,,,,,,,,,,
2019-11-15 13:06:15.243634,no-masked-trimed,floor2,10,True,0.83,200,0.3957529067993164,0.7142857313156128,-1.0,slidewindow n=4 mode=first,,,,,,,,,,,,,,,,,,,,,,,,,,,,,,,,,,,,,,,,,,,,,,,,,,,,,,,,,,,,,,,,,,,,,,,,,,,,,,,,,,,,,,,,,,,,,
2019-11-15 13:06:15.297617,no-masked-trimed,floor2,10,True,0.83,200,0.36486485600471497,0.7123551964759827,-1.0,slidewindow n=5 mode=first,,,,,,,,,,,,,,,,,,,,,,,,,,,,,,,,,,,,,,,,,,,,,,,,,,,,,,,,,,,,,,,,,,,,,,,,,,,,,,,,,,,,,,,,,,,,,
2019-11-15 13:06:15.342603,no-masked-trimed,floor2,10,True,0.83,200,0.3223938345909119,0.7297297120094299,-1.0,slidewindow n=6 mode=first,,,,,,,,,,,,,,,,,,,,,,,,,,,,,,,,,,,,,,,,,,,,,,,,,,,,,,,,,,,,,,,,,,,,,,,,,,,,,,,,,,,,,,,,,,,,,
2019-11-15 13:06:15.391588,no-masked-trimed,floor2,10,True,0.83,200,0.29729729890823364,0.7316602468490601,-1.0,slidewindow n=7 mode=first,,,,,,,,,,,,,,,,,,,,,,,,,,,,,,,,,,,,,,,,,,,,,,,,,,,,,,,,,,,,,,,,,,,,,,,,,,,,,,,,,,,,,,,,,,,,,
2019-11-15 13:06:15.440574,no-masked-trimed,floor2,10,True,0.83,200,0.31660231947898865,0.7065637111663818,-1.0,slidewindow n=3 mode=all,,,,,,,,,,,,,,,,,,,,,,,,,,,,,,,,,,,,,,,,,,,,,,,,,,,,,,,,,,,,,,,,,,,,,,,,,,,,,,,,,,,,,,,,,,,,,
2019-11-15 13:06:15.485570,no-masked-trimed,floor2,10,True,0.83,200,0.2857142984867096,0.7220077514648438,-1.0,slidewindow n=4 mode=all,,,,,,,,,,,,,,,,,,,,,,,,,,,,,,,,,,,,,,,,,,,,,,,,,,,,,,,,,,,,,,,,,,,,,,,,,,,,,,,,,,,,,,,,,,,,,
2019-11-15 13:06:15.532555,no-masked-trimed,floor2,10,True,0.83,200,0.23938223719596866,0.7393822669982909,-1.0,slidewindow n=5 mode=all,,,,,,,,,,,,,,,,,,,,,,,,,,,,,,,,,,,,,,,,,,,,,,,,,,,,,,,,,,,,,,,,,,,,,,,,,,,,,,,,,,,,,,,,,,,,,
2019-11-15 13:06:15.578540,no-masked-trimed,floor2,10,True,0.83,200,0.21235521137714386,0.7451737523078918,-1.0,slidewindow n=6 mode=all,,,,,,,,,,,,,,,,,,,,,,,,,,,,,,,,,,,,,,,,,,,,,,,,,,,,,,,,,,,,,,,,,,,,,,,,,,,,,,,,,,,,,,,,,,,,,
2019-11-15 13:06:15.624514,no-masked-trimed,floor2,10,True,0.83,200,0.21621622145175934,0.7548262476921082,-1.0,slidewindow n=7 mode=all,,,,,,,,,,,,,,,,,,,,,,,,,,,,,,,,,,,,,,,,,,,,,,,,,,,,,,,,,,,,,,,,,,,,,,,,,,,,,,,,,,,,,,,,,,,,,
2019-11-15 13:06:43.845415,no-masked-trimed,floor2,10,False,0.83,200,0.4942084848880768,0.6814671754837036,-1.0,,,,,,,,,,,,,,,,,,,,,,,,,,,,,,,,,,,,,,,,,,,,,,,,,,,,,,,,,,,,,,,,,,,,,,,,,,,,,,,,,,,,,,,,,,,,,,
2019-11-15 13:06:43.904396,no-masked-trimed,floor2,10,False,0.83,200,0.4729729592800141,0.7335907220840454,-1.0,slidewindow n=3 mode=first,,,,,,,,,,,,,,,,,,,,,,,,,,,,,,,,,,,,,,,,,,,,,,,,,,,,,,,,,,,,,,,,,,,,,,,,,,,,,,,,,,,,,,,,,,,,,
2019-11-15 13:06:43.958378,no-masked-trimed,floor2,10,False,0.83,200,0.4382239282131195,0.7664092779159546,-1.0,slidewindow n=4 mode=first,,,,,,,,,,,,,,,,,,,,,,,,,,,,,,,,,,,,,,,,,,,,,,,,,,,,,,,,,,,,,,,,,,,,,,,,,,,,,,,,,,,,,,,,,,,,,
2019-11-15 13:06:44.008363,no-masked-trimed,floor2,10,False,0.83,200,0.3918918967247009,0.7837837934494019,-1.0,slidewindow n=5 mode=first,,,,,,,,,,,,,,,,,,,,,,,,,,,,,,,,,,,,,,,,,,,,,,,,,,,,,,,,,,,,,,,,,,,,,,,,,,,,,,,,,,,,,,,,,,,,,
2019-11-15 13:06:44.060347,no-masked-trimed,floor2,10,False,0.83,200,0.36486485600471497,0.7915058135986328,-1.0,slidewindow n=6 mode=first,,,,,,,,,,,,,,,,,,,,,,,,,,,,,,,,,,,,,,,,,,,,,,,,,,,,,,,,,,,,,,,,,,,,,,,,,,,,,,,,,,,,,,,,,,,,,
2019-11-15 13:06:44.115330,no-masked-trimed,floor2,10,False,0.83,200,0.3223938345909119,0.7934362888336182,-1.0,slidewindow n=7 mode=first,,,,,,,,,,,,,,,,,,,,,,,,,,,,,,,,,,,,,,,,,,,,,,,,,,,,,,,,,,,,,,,,,,,,,,,,,,,,,,,,,,,,,,,,,,,,,
2019-11-15 13:06:44.161332,no-masked-trimed,floor2,10,False,0.83,200,0.2432432472705841,0.7220077514648438,-1.0,slidewindow n=3 mode=all,,,,,,,,,,,,,,,,,,,,,,,,,,,,,,,,,,,,,,,,,,,,,,,,,,,,,,,,,,,,,,,,,,,,,,,,,,,,,,,,,,,,,,,,,,,,,
2019-11-15 13:06:44.209299,no-masked-trimed,floor2,10,False,0.83,200,0.1853281855583191,0.7355212569236755,-1.0,slidewindow n=4 mode=all,,,,,,,,,,,,,,,,,,,,,,,,,,,,,,,,,,,,,,,,,,,,,,,,,,,,,,,,,,,,,,,,,,,,,,,,,,,,,,,,,,,,,,,,,,,,,
2019-11-15 13:06:44.310267,no-masked-trimed,floor2,10,False,0.83,200,0.15830115973949432,0.7451737523078918,-1.0,slidewindow n=5 mode=all,,,,,,,,,,,,,,,,,,,,,,,,,,,,,,,,,,,,,,,,,,,,,,,,,,,,,,,,,,,,,,,,,,,,,,,,,,,,,,,,,,,,,,,,,,,,,
2019-11-15 13:06:44.364251,no-masked-trimed,floor2,10,False,0.83,200,0.14671814441680908,0.7451737523078918,-1.0,slidewindow n=6 mode=all,,,,,,,,,,,,,,,,,,,,,,,,,,,,,,,,,,,,,,,,,,,,,,,,,,,,,,,,,,,,,,,,,,,,,,,,,,,,,,,,,,,,,,,,,,,,,
2019-11-15 13:06:44.425231,no-masked-trimed,floor2,10,False,0.83,200,0.1332046389579773,0.7490347623825073,-1.0,slidewindow n=7 mode=all,,,,,,,,,,,,,,,,,,,,,,,,,,,,,,,,,,,,,,,,,,,,,,,,,,,,,,,,,,,,,,,,,,,,,,,,,,,,,,,,,,,,,,,,,,,,,
2019-11-15 13:07:32.431213,original,wall,10,True,0.83,200,0.7736389636993408,0.7593123316764832,-1.0,,,,,,,,,,,,,,,,,,,,,,,,,,,,,,,,,,,,,,,,,,,,,,,,,,,,,,,,,,,,,,,,,,,,,,,,,,,,,,,,,,,,,,,,,,,,,,
2019-11-15 13:07:32.484195,original,wall,10,True,0.83,200,0.7593123316764832,0.8051576018333435,-1.0,slidewindow n=3 mode=first,,,,,,,,,,,,,,,,,,,,,,,,,,,,,,,,,,,,,,,,,,,,,,,,,,,,,,,,,,,,,,,,,,,,,,,,,,,,,,,,,,,,,,,,,,,,,
2019-11-15 13:07:32.540177,original,wall,10,True,0.83,200,0.7277936935424805,0.8080229163169861,-1.0,slidewindow n=4 mode=first,,,,,,,,,,,,,,,,,,,,,,,,,,,,,,,,,,,,,,,,,,,,,,,,,,,,,,,,,,,,,,,,,,,,,,,,,,,,,,,,,,,,,,,,,,,,,
2019-11-15 13:07:32.599159,original,wall,10,True,0.83,200,0.6905444264411926,0.8252149224281311,-1.0,slidewindow n=5 mode=first,,,,,,,,,,,,,,,,,,,,,,,,,,,,,,,,,,,,,,,,,,,,,,,,,,,,,,,,,,,,,,,,,,,,,,,,,,,,,,,,,,,,,,,,,,,,,
2019-11-15 13:07:32.641145,original,wall,10,True,0.83,200,0.6475644707679749,0.8309455513954163,-1.0,slidewindow n=6 mode=first,,,,,,,,,,,,,,,,,,,,,,,,,,,,,,,,,,,,,,,,,,,,,,,,,,,,,,,,,,,,,,,,,,,,,,,,,,,,,,,,,,,,,,,,,,,,,
2019-11-15 13:07:32.683132,original,wall,10,True,0.83,200,0.6160458326339722,0.8424068689346313,-1.0,slidewindow n=7 mode=first,,,,,,,,,,,,,,,,,,,,,,,,,,,,,,,,,,,,,,,,,,,,,,,,,,,,,,,,,,,,,,,,,,,,,,,,,,,,,,,,,,,,,,,,,,,,,
2019-11-15 13:07:32.729130,original,wall,10,True,0.83,200,0.5358166098594666,0.8366762399673462,-1.0,slidewindow n=3 mode=all,,,,,,,,,,,,,,,,,,,,,,,,,,,,,,,,,,,,,,,,,,,,,,,,,,,,,,,,,,,,,,,,,,,,,,,,,,,,,,,,,,,,,,,,,,,,,
2019-11-15 13:07:32.771116,original,wall,10,True,0.83,200,0.5014326572418213,0.8510028719902039,-1.0,slidewindow n=4 mode=all,,,,,,,,,,,,,,,,,,,,,,,,,,,,,,,,,,,,,,,,,,,,,,,,,,,,,,,,,,,,,,,,,,,,,,,,,,,,,,,,,,,,,,,,,,,,,
2019-11-15 13:07:32.816103,original,wall,10,True,0.83,200,0.455587387084961,0.8796561360359192,-1.0,slidewindow n=5 mode=all,,,,,,,,,,,,,,,,,,,,,,,,,,,,,,,,,,,,,,,,,,,,,,,,,,,,,,,,,,,,,,,,,,,,,,,,,,,,,,,,,,,,,,,,,,,,,
2019-11-15 13:07:32.861076,original,wall,10,True,0.83,200,0.42406877875328064,0.8825215101242065,-1.0,slidewindow n=6 mode=all,,,,,,,,,,,,,,,,,,,,,,,,,,,,,,,,,,,,,,,,,,,,,,,,,,,,,,,,,,,,,,,,,,,,,,,,,,,,,,,,,,,,,,,,,,,,,
2019-11-15 13:07:32.906061,original,wall,10,True,0.83,200,0.4040114581584929,0.8882521390914917,-1.0,slidewindow n=7 mode=all,,,,,,,,,,,,,,,,,,,,,,,,,,,,,,,,,,,,,,,,,,,,,,,,,,,,,,,,,,,,,,,,,,,,,,,,,,,,,,,,,,,,,,,,,,,,,
2019-11-15 13:07:52.495089,original,wall,10,False,0.83,200,0.7277936935424805,0.7249283790588379,-1.0,,,,,,,,,,,,,,,,,,,,,,,,,,,,,,,,,,,,,,,,,,,,,,,,,,,,,,,,,,,,,,,,,,,,,,,,,,,,,,,,,,,,,,,,,,,,,,
2019-11-15 13:07:52.560069,original,wall,10,False,0.83,200,0.719197690486908,0.7335243821144104,-1.0,slidewindow n=3 mode=first,,,,,,,,,,,,,,,,,,,,,,,,,,,,,,,,,,,,,,,,,,,,,,,,,,,,,,,,,,,,,,,,,,,,,,,,,,,,,,,,,,,,,,,,,,,,,
2019-11-15 13:07:52.618050,original,wall,10,False,0.83,200,0.68767911195755,0.7335243821144104,-1.0,slidewindow n=4 mode=first,,,,,,,,,,,,,,,,,,,,,,,,,,,,,,,,,,,,,,,,,,,,,,,,,,,,,,,,,,,,,,,,,,,,,,,,,,,,,,,,,,,,,,,,,,,,,
2019-11-15 13:07:52.674033,original,wall,10,False,0.83,200,0.6389684677124023,0.7392550110816956,-1.0,slidewindow n=5 mode=first,,,,,,,,,,,,,,,,,,,,,,,,,,,,,,,,,,,,,,,,,,,,,,,,,,,,,,,,,,,,,,,,,,,,,,,,,,,,,,,,,,,,,,,,,,,,,
2019-11-15 13:07:52.725016,original,wall,10,False,0.83,200,0.5959885120391846,0.7306590080261229,-1.0,slidewindow n=6 mode=first,,,,,,,,,,,,,,,,,,,,,,,,,,,,,,,,,,,,,,,,,,,,,,,,,,,,,,,,,,,,,,,,,,,,,,,,,,,,,,,,,,,,,,,,,,,,,
2019-11-15 13:07:52.767002,original,wall,10,False,0.83,200,0.5616045594215393,0.7277936935424805,-1.0,slidewindow n=7 mode=first,,,,,,,,,,,,,,,,,,,,,,,,,,,,,,,,,,,,,,,,,,,,,,,,,,,,,,,,,,,,,,,,,,,,,,,,,,,,,,,,,,,,,,,,,,,,,
2019-11-15 13:07:52.809990,original,wall,10,False,0.83,200,0.40687680244445795,0.7593123316764832,-1.0,slidewindow n=3 mode=all,,,,,,,,,,,,,,,,,,,,,,,,,,,,,,,,,,,,,,,,,,,,,,,,,,,,,,,,,,,,,,,,,,,,,,,,,,,,,,,,,,,,,,,,,,,,,
2019-11-15 13:07:52.852976,original,wall,10,False,0.83,200,0.3065902590751648,0.7650429606437683,-1.0,slidewindow n=4 mode=all,,,,,,,,,,,,,,,,,,,,,,,,,,,,,,,,,,,,,,,,,,,,,,,,,,,,,,,,,,,,,,,,,,,,,,,,,,,,,,,,,,,,,,,,,,,,,
2019-11-15 13:07:52.899960,original,wall,10,False,0.83,200,0.2865329384803772,0.7535816431045532,-1.0,slidewindow n=5 mode=all,,,,,,,,,,,,,,,,,,,,,,,,,,,,,,,,,,,,,,,,,,,,,,,,,,,,,,,,,,,,,,,,,,,,,,,,,,,,,,,,,,,,,,,,,,,,,
2019-11-15 13:07:52.952944,original,wall,10,False,0.83,200,0.266475647687912,0.7593123316764832,-1.0,slidewindow n=6 mode=all,,,,,,,,,,,,,,,,,,,,,,,,,,,,,,,,,,,,,,,,,,,,,,,,,,,,,,,,,,,,,,,,,,,,,,,,,,,,,,,,,,,,,,,,,,,,,
2019-11-15 13:07:52.997930,original,wall,10,False,0.83,200,0.2750716209411621,0.7650429606437683,-1.0,slidewindow n=7 mode=all,,,,,,,,,,,,,,,,,,,,,,,,,,,,,,,,,,,,,,,,,,,,,,,,,,,,,,,,,,,,,,,,,,,,,,,,,,,,,,,,,,,,,,,,,,,,,
2019-11-15 13:08:22.626795,original,frontview2,10,True,0.83,200,0.3262031972408295,0.6934046149253845,-1.0,,,,,,,,,,,,,,,,,,,,,,,,,,,,,,,,,,,,,,,,,,,,,,,,,,,,,,,,,,,,,,,,,,,,,,,,,,,,,,,,,,,,,,,,,,,,,,
2019-11-15 13:08:22.703769,original,frontview2,10,True,0.83,200,0.3137255012989044,0.7397504448890686,-1.0,slidewindow n=3 mode=first,,,,,,,,,,,,,,,,,,,,,,,,,,,,,,,,,,,,,,,,,,,,,,,,,,,,,,,,,,,,,,,,,,,,,,,,,,,,,,,,,,,,,,,,,,,,,
2019-11-15 13:08:22.782744,original,frontview2,10,True,0.83,200,0.2780748605728149,0.7647058963775635,-1.0,slidewindow n=4 mode=first,,,,,,,,,,,,,,,,,,,,,,,,,,,,,,,,,,,,,,,,,,,,,,,,,,,,,,,,,,,,,,,,,,,,,,,,,,,,,,,,,,,,,,,,,,,,,
2019-11-15 13:08:22.832729,original,frontview2,10,True,0.83,200,0.24064171314239505,0.8110516667366028,-1.0,slidewindow n=5 mode=first,,,,,,,,,,,,,,,,,,,,,,,,,,,,,,,,,,,,,,,,,,,,,,,,,,,,,,,,,,,,,,,,,,,,,,,,,,,,,,,,,,,,,,,,,,,,,
2019-11-15 13:08:22.890710,original,frontview2,10,True,0.83,200,0.21746881306171406,0.8270944952964783,-1.0,slidewindow n=6 mode=first,,,,,,,,,,,,,,,,,,,,,,,,,,,,,,,,,,,,,,,,,,,,,,,,,,,,,,,,,,,,,,,,,,,,,,,,,,,,,,,,,,,,,,,,,,,,,
2019-11-15 13:08:22.939708,original,frontview2,10,True,0.83,200,0.1925133615732193,0.8609625697135925,-1.0,slidewindow n=7 mode=first,,,,,,,,,,,,,,,,,,,,,,,,,,,,,,,,,,,,,,,,,,,,,,,,,,,,,,,,,,,,,,,,,,,,,,,,,,,,,,,,,,,,,,,,,,,,,
2019-11-15 13:08:22.991678,original,frontview2,10,True,0.83,200,0.21746881306171406,0.7397504448890686,-1.0,slidewindow n=3 mode=all,,,,,,,,,,,,,,,,,,,,,,,,,,,,,,,,,,,,,,,,,,,,,,,,,,,,,,,,,,,,,,,,,,,,,,,,,,,,,,,,,,,,,,,,,,,,,
2019-11-15 13:08:23.043662,original,frontview2,10,True,0.83,200,0.19429589807987213,0.7843137383460999,-1.0,slidewindow n=4 mode=all,,,,,,,,,,,,,,,,,,,,,,,,,,,,,,,,,,,,,,,,,,,,,,,,,,,,,,,,,,,,,,,,,,,,,,,,,,,,,,,,,,,,,,,,,,,,,
2019-11-15 13:08:23.095647,original,frontview2,10,True,0.83,200,0.1818181872367859,0.8074866533279419,-1.0,slidewindow n=5 mode=all,,,,,,,,,,,,,,,,,,,,,,,,,,,,,,,,,,,,,,,,,,,,,,,,,,,,,,,,,,,,,,,,,,,,,,,,,,,,,,,,,,,,,,,,,,,,,
2019-11-15 13:08:23.157626,original,frontview2,10,True,0.83,200,0.17112299799919128,0.8235294222831726,-1.0,slidewindow n=6 mode=all,,,,,,,,,,,,,,,,,,,,,,,,,,,,,,,,,,,,,,,,,,,,,,,,,,,,,,,,,,,,,,,,,,,,,,,,,,,,,,,,,,,,,,,,,,,,,
2019-11-15 13:08:23.216608,original,frontview2,10,True,0.83,200,0.16755792498588562,0.832442045211792,-1.0,slidewindow n=7 mode=all,,,,,,,,,,,,,,,,,,,,,,,,,,,,,,,,,,,,,,,,,,,,,,,,,,,,,,,,,,,,,,,,,,,,,,,,,,,,,,,,,,,,,,,,,,,,,
2019-11-15 13:08:51.919102,original,frontview2,10,False,0.83,200,0.3725490272045136,0.6488413810729979,-1.0,,,,,,,,,,,,,,,,,,,,,,,,,,,,,,,,,,,,,,,,,,,,,,,,,,,,,,,,,,,,,,,,,,,,,,,,,,,,,,,,,,,,,,,,,,,,,,
2019-11-15 13:08:51.974085,original,frontview2,10,False,0.83,200,0.34224599599838257,0.698752224445343,-1.0,slidewindow n=3 mode=first,,,,,,,,,,,,,,,,,,,,,,,,,,,,,,,,,,,,,,,,,,,,,,,,,,,,,,,,,,,,,,,,,,,,,,,,,,,,,,,,,,,,,,,,,,,,,
2019-11-15 13:08:52.038063,original,frontview2,10,False,0.83,200,0.3190730810165405,0.7237076759338379,-1.0,slidewindow n=4 mode=first,,,,,,,,,,,,,,,,,,,,,,,,,,,,,,,,,,,,,,,,,,,,,,,,,,,,,,,,,,,,,,,,,,,,,,,,,,,,,,,,,,,,,,,,,,,,,
2019-11-15 13:08:52.091046,original,frontview2,10,False,0.83,200,0.2869875133037567,0.7557932138442993,-1.0,slidewindow n=5 mode=first,,,,,,,,,,,,,,,,,,,,,,,,,,,,,,,,,,,,,,,,,,,,,,,,,,,,,,,,,,,,,,,,,,,,,,,,,,,,,,,,,,,,,,,,,,,,,
2019-11-15 13:08:52.140031,original,frontview2,10,False,0.83,200,0.2549019753932953,0.7736185193061829,-1.0,slidewindow n=6 mode=first,,,,,,,,,,,,,,,,,,,,,,,,,,,,,,,,,,,,,,,,,,,,,,,,,,,,,,,,,,,,,,,,,,,,,,,,,,,,,,,,,,,,,,,,,,,,,
2019-11-15 13:08:52.188015,original,frontview2,10,False,0.83,200,0.2299465239048004,0.7914438247680664,-1.0,slidewindow n=7 mode=first,,,,,,,,,,,,,,,,,,,,,,,,,,,,,,,,,,,,,,,,,,,,,,,,,,,,,,,,,,,,,,,,,,,,,,,,,,,,,,,,,,,,,,,,,,,,,
2019-11-15 13:08:52.237016,original,frontview2,10,False,0.83,200,0.1568627506494522,0.7040998339653015,-1.0,slidewindow n=3 mode=all,,,,,,,,,,,,,,,,,,,,,,,,,,,,,,,,,,,,,,,,,,,,,,,,,,,,,,,,,,,,,,,,,,,,,,,,,,,,,,,,,,,,,,,,,,,,,
2019-11-15 13:08:52.288000,original,frontview2,10,False,0.83,200,0.13368983566761014,0.7326202988624573,-1.0,slidewindow n=4 mode=all,,,,,,,,,,,,,,,,,,,,,,,,,,,,,,,,,,,,,,,,,,,,,,,,,,,,,,,,,,,,,,,,,,,,,,,,,,,,,,,,,,,,,,,,,,,,,
2019-11-15 13:08:52.338967,original,frontview2,10,False,0.83,200,0.1140819936990738,0.7575757503509521,-1.0,slidewindow n=5 mode=all,,,,,,,,,,,,,,,,,,,,,,,,,,,,,,,,,,,,,,,,,,,,,,,,,,,,,,,,,,,,,,,,,,,,,,,,,,,,,,,,,,,,,,,,,,,,,
2019-11-15 13:08:52.391950,original,frontview2,10,False,0.83,200,0.10516934096813202,0.7736185193061829,-1.0,slidewindow n=6 mode=all,,,,,,,,,,,,,,,,,,,,,,,,,,,,,,,,,,,,,,,,,,,,,,,,,,,,,,,,,,,,,,,,,,,,,,,,,,,,,,,,,,,,,,,,,,,,,
2019-11-15 13:08:52.444933,original,frontview2,10,False,0.83,200,0.10160427540540697,0.7807486653327942,-1.0,slidewindow n=7 mode=all,,,,,,,,,,,,,,,,,,,,,,,,,,,,,,,,,,,,,,,,,,,,,,,,,,,,,,,,,,,,,,,,,,,,,,,,,,,,,,,,,,,,,,,,,,,,,
2019-11-15 13:09:19.012570,original,floor2,10,True,0.83,200,0.4980694949626922,0.6602316498756409,-1.0,,,,,,,,,,,,,,,,,,,,,,,,,,,,,,,,,,,,,,,,,,,,,,,,,,,,,,,,,,,,,,,,,,,,,,,,,,,,,,,,,,,,,,,,,,,,,,
2019-11-15 13:09:19.084479,original,floor2,10,True,0.83,200,0.4787644743919373,0.7316602468490601,-1.0,slidewindow n=3 mode=first,,,,,,,,,,,,,,,,,,,,,,,,,,,,,,,,,,,,,,,,,,,,,,,,,,,,,,,,,,,,,,,,,,,,,,,,,,,,,,,,,,,,,,,,,,,,,
2019-11-15 13:09:19.155457,original,floor2,10,True,0.83,200,0.4459459483623505,0.7799227833747864,-1.0,slidewindow n=4 mode=first,,,,,,,,,,,,,,,,,,,,,,,,,,,,,,,,,,,,,,,,,,,,,,,,,,,,,,,,,,,,,,,,,,,,,,,,,,,,,,,,,,,,,,,,,,,,,
2019-11-15 13:09:19.214438,original,floor2,10,True,0.83,200,0.403474897146225,0.8050193190574646,-1.0,slidewindow n=5 mode=first,,,,,,,,,,,,,,,,,,,,,,,,,,,,,,,,,,,,,,,,,,,,,,,,,,,,,,,,,,,,,,,,,,,,,,,,,,,,,,,,,,,,,,,,,,,,,
2019-11-15 13:09:19.256656,original,floor2,10,True,0.83,200,0.3610038757324219,0.8166022896766663,-1.0,slidewindow n=6 mode=first,,,,,,,,,,,,,,,,,,,,,,,,,,,,,,,,,,,,,,,,,,,,,,,,,,,,,,,,,,,,,,,,,,,,,,,,,,,,,,,,,,,,,,,,,,,,,
2019-11-15 13:09:19.311534,original,floor2,10,True,0.83,200,0.3416988551616669,0.8185328245162964,-1.0,slidewindow n=7 mode=first,,,,,,,,,,,,,,,,,,,,,,,,,,,,,,,,,,,,,,,,,,,,,,,,,,,,,,,,,,,,,,,,,,,,,,,,,,,,,,,,,,,,,,,,,,,,,
2019-11-15 13:09:19.360980,original,floor2,10,True,0.83,200,0.3011583089828491,0.7664092779159546,-1.0,slidewindow n=3 mode=all,,,,,,,,,,,,,,,,,,,,,,,,,,,,,,,,,,,,,,,,,,,,,,,,,,,,,,,,,,,,,,,,,,,,,,,,,,,,,,,,,,,,,,,,,,,,,
2019-11-15 13:09:19.410214,original,floor2,10,True,0.83,200,0.2818532884120941,0.7876448035240173,-1.0,slidewindow n=4 mode=all,,,,,,,,,,,,,,,,,,,,,,,,,,,,,,,,,,,,,,,,,,,,,,,,,,,,,,,,,,,,,,,,,,,,,,,,,,,,,,,,,,,,,,,,,,,,,
2019-11-15 13:09:19.458762,original,floor2,10,True,0.83,200,0.26061776280403137,0.8030887842178345,-1.0,slidewindow n=5 mode=all,,,,,,,,,,,,,,,,,,,,,,,,,,,,,,,,,,,,,,,,,,,,,,,,,,,,,,,,,,,,,,,,,,,,,,,,,,,,,,,,,,,,,,,,,,,,,
2019-11-15 13:09:19.509741,original,floor2,10,True,0.83,200,0.2471042424440384,0.8166022896766663,-1.0,slidewindow n=6 mode=all,,,,,,,,,,,,,,,,,,,,,,,,,,,,,,,,,,,,,,,,,,,,,,,,,,,,,,,,,,,,,,,,,,,,,,,,,,,,,,,,,,,,,,,,,,,,,
2019-11-15 13:09:19.553571,original,floor2,10,True,0.83,200,0.2277992218732834,0.8108108043670654,-1.0,slidewindow n=7 mode=all,,,,,,,,,,,,,,,,,,,,,,,,,,,,,,,,,,,,,,,,,,,,,,,,,,,,,,,,,,,,,,,,,,,,,,,,,,,,,,,,,,,,,,,,,,,,,
2019-11-15 13:09:46.468215,original,floor2,10,False,0.83,200,0.4729729592800141,0.57722008228302,-1.0,,,,,,,,,,,,,,,,,,,,,,,,,,,,,,,,,,,,,,,,,,,,,,,,,,,,,,,,,,,,,,,,,,,,,,,,,,,,,,,,,,,,,,,,,,,,,,
2019-11-15 13:09:46.547627,original,floor2,10,False,0.83,200,0.4536679685115814,0.6254826188087463,-1.0,slidewindow n=3 mode=first,,,,,,,,,,,,,,,,,,,,,,,,,,,,,,,,,,,,,,,,,,,,,,,,,,,,,,,,,,,,,,,,,,,,,,,,,,,,,,,,,,,,,,,,,,,,,
2019-11-15 13:09:46.623604,original,floor2,10,False,0.83,200,0.4169884026050568,0.6486486196517944,-1.0,slidewindow n=4 mode=first,,,,,,,,,,,,,,,,,,,,,,,,,,,,,,,,,,,,,,,,,,,,,,,,,,,,,,,,,,,,,,,,,,,,,,,,,,,,,,,,,,,,,,,,,,,,,
2019-11-15 13:09:46.680585,original,floor2,10,False,0.83,200,0.3745173811912537,0.6602316498756409,-1.0,slidewindow n=5 mode=first,,,,,,,,,,,,,,,,,,,,,,,,,,,,,,,,,,,,,,,,,,,,,,,,,,,,,,,,,,,,,,,,,,,,,,,,,,,,,,,,,,,,,,,,,,,,,
2019-11-15 13:09:46.731568,original,floor2,10,False,0.83,200,0.3281853199005127,0.6698841452598572,-1.0,slidewindow n=6 mode=first,,,,,,,,,,,,,,,,,,,,,,,,,,,,,,,,,,,,,,,,,,,,,,,,,,,,,,,,,,,,,,,,,,,,,,,,,,,,,,,,,,,,,,,,,,,,,
2019-11-15 13:09:46.783552,original,floor2,10,False,0.83,200,0.2857142984867096,0.6737451553344727,-1.0,slidewindow n=7 mode=first,,,,,,,,,,,,,,,,,,,,,,,,,,,,,,,,,,,,,,,,,,,,,,,,,,,,,,,,,,,,,,,,,,,,,,,,,,,,,,,,,,,,,,,,,,,,,
2019-11-15 13:09:46.837671,original,floor2,10,False,0.83,200,0.2200772166252136,0.6254826188087463,-1.0,slidewindow n=3 mode=all,,,,,,,,,,,,,,,,,,,,,,,,,,,,,,,,,,,,,,,,,,,,,,,,,,,,,,,,,,,,,,,,,,,,,,,,,,,,,,,,,,,,,,,,,,,,,
2019-11-15 13:09:46.907649,original,floor2,10,False,0.83,200,0.17953668534755707,0.6447876691818237,-1.0,slidewindow n=4 mode=all,,,,,,,,,,,,,,,,,,,,,,,,,,,,,,,,,,,,,,,,,,,,,,,,,,,,,,,,,,,,,,,,,,,,,,,,,,,,,,,,,,,,,,,,,,,,,
2019-11-15 13:09:46.972645,original,floor2,10,False,0.83,200,0.16409265995025635,0.6525096297264099,-1.0,slidewindow n=5 mode=all,,,,,,,,,,,,,,,,,,,,,,,,,,,,,,,,,,,,,,,,,,,,,,,,,,,,,,,,,,,,,,,,,,,,,,,,,,,,,,,,,,,,,,,,,,,,,
2019-11-15 13:09:47.033626,original,floor2,10,False,0.83,200,0.14864864945411682,0.6505791544914246,-1.0,slidewindow n=6 mode=all,,,,,,,,,,,,,,,,,,,,,,,,,,,,,,,,,,,,,,,,,,,,,,,,,,,,,,,,,,,,,,,,,,,,,,,,,,,,,,,,,,,,,,,,,,,,,
2019-11-15 13:09:47.100587,original,floor2,10,False,0.83,200,0.14478763937950134,0.6583011746406555,-1.0,slidewindow n=7 mode=all,,,,,,,,,,,,,,,,,,,,,,,,,,,,,,,,,,,,,,,,,,,,,,,,,,,,,,,,,,,,,,,,,,,,,,,,,,,,,,,,,,,,,,,,,,,,,
2019-11-15 13:10:25.069167,full,wall,10,True,0.83,200,0.6905444264411926,0.6475644707679749,-1.0,,,,,,,,,,,,,,,,,,,,,,,,,,,,,,,,,,,,,,,,,,,,,,,,,,,,,,,,,,,,,,,,,,,,,,,,,,,,,,,,,,,,,,,,,,,,,,
2019-11-15 13:10:25.124148,full,wall,10,True,0.83,200,0.670487105846405,0.6848137378692627,-1.0,slidewindow n=3 mode=first,,,,,,,,,,,,,,,,,,,,,,,,,,,,,,,,,,,,,,,,,,,,,,,,,,,,,,,,,,,,,,,,,,,,,,,,,,,,,,,,,,,,,,,,,,,,,
2019-11-15 13:10:25.173132,full,wall,10,True,0.83,200,0.6446991562843323,0.6790831089019775,-1.0,slidewindow n=4 mode=first,,,,,,,,,,,,,,,,,,,,,,,,,,,,,,,,,,,,,,,,,,,,,,,,,,,,,,,,,,,,,,,,,,,,,,,,,,,,,,,,,,,,,,,,,,,,,
2019-11-15 13:10:25.232669,full,wall,10,True,0.83,200,0.6189111471176147,0.68767911195755,-1.0,slidewindow n=5 mode=first,,,,,,,,,,,,,,,,,,,,,,,,,,,,,,,,,,,,,,,,,,,,,,,,,,,,,,,,,,,,,,,,,,,,,,,,,,,,,,,,,,,,,,,,,,,,,
2019-11-15 13:10:25.277685,full,wall,10,True,0.83,200,0.5730658769607544,0.6905444264411926,-1.0,slidewindow n=6 mode=first,,,,,,,,,,,,,,,,,,,,,,,,,,,,,,,,,,,,,,,,,,,,,,,,,,,,,,,,,,,,,,,,,,,,,,,,,,,,,,,,,,,,,,,,,,,,,
2019-11-15 13:10:25.308952,full,wall,10,True,0.83,200,0.5358166098594666,0.6934097409248352,-1.0,slidewindow n=7 mode=first,,,,,,,,,,,,,,,,,,,,,,,,,,,,,,,,,,,,,,,,,,,,,,,,,,,,,,,,,,,,,,,,,,,,,,,,,,,,,,,,,,,,,,,,,,,,,
2019-11-15 13:10:25.371403,full,wall,10,True,0.83,200,0.455587387084961,0.6962750554084778,-1.0,slidewindow n=3 mode=all,,,,,,,,,,,,,,,,,,,,,,,,,,,,,,,,,,,,,,,,,,,,,,,,,,,,,,,,,,,,,,,,,,,,,,,,,,,,,,,,,,,,,,,,,,,,,
2019-11-15 13:10:25.421387,full,wall,10,True,0.83,200,0.4097421169281006,0.7077363729476929,-1.0,slidewindow n=4 mode=all,,,,,,,,,,,,,,,,,,,,,,,,,,,,,,,,,,,,,,,,,,,,,,,,,,,,,,,,,,,,,,,,,,,,,,,,,,,,,,,,,,,,,,,,,,,,,
2019-11-15 13:10:25.469371,full,wall,10,True,0.83,200,0.3954154849052429,0.6962750554084778,-1.0,slidewindow n=5 mode=all,,,,,,,,,,,,,,,,,,,,,,,,,,,,,,,,,,,,,,,,,,,,,,,,,,,,,,,,,,,,,,,,,,,,,,,,,,,,,,,,,,,,,,,,,,,,,
2019-11-15 13:10:25.520769,full,wall,10,True,0.83,200,0.3638968467712401,0.7020057439804077,-1.0,slidewindow n=6 mode=all,,,,,,,,,,,,,,,,,,,,,,,,,,,,,,,,,,,,,,,,,,,,,,,,,,,,,,,,,,,,,,,,,,,,,,,,,,,,,,,,,,,,,,,,,,,,,
2019-11-15 13:10:25.572753,full,wall,10,True,0.83,200,0.3553008735179901,0.7020057439804077,-1.0,slidewindow n=7 mode=all,,,,,,,,,,,,,,,,,,,,,,,,,,,,,,,,,,,,,,,,,,,,,,,,,,,,,,,,,,,,,,,,,,,,,,,,,,,,,,,,,,,,,,,,,,,,,
2019-11-15 13:10:44.809385,full,wall,10,False,0.83,200,0.5902578830718994,0.5873925685882568,-1.0,,,,,,,,,,,,,,,,,,,,,,,,,,,,,,,,,,,,,,,,,,,,,,,,,,,,,,,,,,,,,,,,,,,,,,,,,,,,,,,,,,,,,,,,,,,,,,
2019-11-15 13:10:44.875247,full,wall,10,False,0.83,200,0.5558739304542542,0.6074498295783997,-1.0,slidewindow n=3 mode=first,,,,,,,,,,,,,,,,,,,,,,,,,,,,,,,,,,,,,,,,,,,,,,,,,,,,,,,,,,,,,,,,,,,,,,,,,,,,,,,,,,,,,,,,,,,,,
2019-11-15 13:10:44.930733,full,wall,10,False,0.83,200,0.5214899778366089,0.610315203666687,-1.0,slidewindow n=4 mode=first,,,,,,,,,,,,,,,,,,,,,,,,,,,,,,,,,,,,,,,,,,,,,,,,,,,,,,,,,,,,,,,,,,,,,,,,,,,,,,,,,,,,,,,,,,,,,
2019-11-15 13:10:44.994714,full,wall,10,False,0.83,200,0.4842406809329986,0.6217765212059021,-1.0,slidewindow n=5 mode=first,,,,,,,,,,,,,,,,,,,,,,,,,,,,,,,,,,,,,,,,,,,,,,,,,,,,,,,,,,,,,,,,,,,,,,,,,,,,,,,,,,,,,,,,,,,,,
2019-11-15 13:10:45.046639,full,wall,10,False,0.83,200,0.4469914138317108,0.6217765212059021,-1.0,slidewindow n=6 mode=first,,,,,,,,,,,,,,,,,,,,,,,,,,,,,,,,,,,,,,,,,,,,,,,,,,,,,,,,,,,,,,,,,,,,,,,,,,,,,,,,,,,,,,,,,,,,,
2019-11-15 13:10:45.093293,full,wall,10,False,0.83,200,0.4183381199836731,0.6303724646568298,-1.0,slidewindow n=7 mode=first,,,,,,,,,,,,,,,,,,,,,,,,,,,,,,,,,,,,,,,,,,,,,,,,,,,,,,,,,,,,,,,,,,,,,,,,,,,,,,,,,,,,,,,,,,,,,
2019-11-15 13:10:45.141075,full,wall,10,False,0.83,200,0.3237822353839874,0.6332378387451172,-1.0,slidewindow n=3 mode=all,,,,,,,,,,,,,,,,,,,,,,,,,,,,,,,,,,,,,,,,,,,,,,,,,,,,,,,,,,,,,,,,,,,,,,,,,,,,,,,,,,,,,,,,,,,,,
2019-11-15 13:10:45.189054,full,wall,10,False,0.83,200,0.2550143301486969,0.6275071501731873,-1.0,slidewindow n=4 mode=all,,,,,,,,,,,,,,,,,,,,,,,,,,,,,,,,,,,,,,,,,,,,,,,,,,,,,,,,,,,,,,,,,,,,,,,,,,,,,,,,,,,,,,,,,,,,,
2019-11-15 13:10:45.245281,full,wall,10,False,0.83,200,0.2435530126094818,0.6275071501731873,-1.0,slidewindow n=5 mode=all,,,,,,,,,,,,,,,,,,,,,,,,,,,,,,,,,,,,,,,,,,,,,,,,,,,,,,,,,,,,,,,,,,,,,,,,,,,,,,,,,,,,,,,,,,,,,
2019-11-15 13:10:45.297265,full,wall,10,False,0.83,200,0.22063037753105166,0.6189111471176147,-1.0,slidewindow n=6 mode=all,,,,,,,,,,,,,,,,,,,,,,,,,,,,,,,,,,,,,,,,,,,,,,,,,,,,,,,,,,,,,,,,,,,,,,,,,,,,,,,,,,,,,,,,,,,,,
2019-11-15 13:10:45.340316,full,wall,10,False,0.83,200,0.20916905999183646,0.6189111471176147,-1.0,slidewindow n=7 mode=all,,,,,,,,,,,,,,,,,,,,,,,,,,,,,,,,,,,,,,,,,,,,,,,,,,,,,,,,,,,,,,,,,,,,,,,,,,,,,,,,,,,,,,,,,,,,,
2019-11-15 13:11:16.809324,full,frontview2,10,True,0.83,200,0.34581103920936584,0.5953654050827026,-1.0,,,,,,,,,,,,,,,,,,,,,,,,,,,,,,,,,,,,,,,,,,,,,,,,,,,,,,,,,,,,,,,,,,,,,,,,,,,,,,,,,,,,,,,,,,,,,,
2019-11-15 13:11:16.893557,full,frontview2,10,True,0.83,200,0.32976827025413513,0.6434937715530396,-1.0,slidewindow n=3 mode=first,,,,,,,,,,,,,,,,,,,,,,,,,,,,,,,,,,,,,,,,,,,,,,,,,,,,,,,,,,,,,,,,,,,,,,,,,,,,,,,,,,,,,,,,,,,,,
2019-11-15 13:11:16.954538,full,frontview2,10,True,0.83,200,0.2959001660346985,0.6577540040016174,-1.0,slidewindow n=4 mode=first,,,,,,,,,,,,,,,,,,,,,,,,,,,,,,,,,,,,,,,,,,,,,,,,,,,,,,,,,,,,,,,,,,,,,,,,,,,,,,,,,,,,,,,,,,,,,
2019-11-15 13:11:17.014216,full,frontview2,10,True,0.83,200,0.2549019753932953,0.6880570650100708,-1.0,slidewindow n=5 mode=first,,,,,,,,,,,,,,,,,,,,,,,,,,,,,,,,,,,,,,,,,,,,,,,,,,,,,,,,,,,,,,,,,,,,,,,,,,,,,,,,,,,,,,,,,,,,,
2019-11-15 13:11:17.072427,full,frontview2,10,True,0.83,200,0.2352941185235977,0.698752224445343,-1.0,slidewindow n=6 mode=first,,,,,,,,,,,,,,,,,,,,,,,,,,,,,,,,,,,,,,,,,,,,,,,,,,,,,,,,,,,,,,,,,,,,,,,,,,,,,,,,,,,,,,,,,,,,,
2019-11-15 13:11:17.124427,full,frontview2,10,True,0.83,200,0.2156862765550613,0.70944744348526,-1.0,slidewindow n=7 mode=first,,,,,,,,,,,,,,,,,,,,,,,,,,,,,,,,,,,,,,,,,,,,,,,,,,,,,,,,,,,,,,,,,,,,,,,,,,,,,,,,,,,,,,,,,,,,,
2019-11-15 13:11:17.177410,full,frontview2,10,True,0.83,200,0.2691622078418732,0.6666666865348816,-1.0,slidewindow n=3 mode=all,,,,,,,,,,,,,,,,,,,,,,,,,,,,,,,,,,,,,,,,,,,,,,,,,,,,,,,,,,,,,,,,,,,,,,,,,,,,,,,,,,,,,,,,,,,,,
2019-11-15 13:11:17.231394,full,frontview2,10,True,0.83,200,0.2370766550302505,0.6880570650100708,-1.0,slidewindow n=4 mode=all,,,,,,,,,,,,,,,,,,,,,,,,,,,,,,,,,,,,,,,,,,,,,,,,,,,,,,,,,,,,,,,,,,,,,,,,,,,,,,,,,,,,,,,,,,,,,
2019-11-15 13:11:17.285376,full,frontview2,10,True,0.83,200,0.19964349269866946,0.7112299203872681,-1.0,slidewindow n=5 mode=all,,,,,,,,,,,,,,,,,,,,,,,,,,,,,,,,,,,,,,,,,,,,,,,,,,,,,,,,,,,,,,,,,,,,,,,,,,,,,,,,,,,,,,,,,,,,,
2019-11-15 13:11:17.342358,full,frontview2,10,True,0.83,200,0.18003565073013306,0.7237076759338379,-1.0,slidewindow n=6 mode=all,,,,,,,,,,,,,,,,,,,,,,,,,,,,,,,,,,,,,,,,,,,,,,,,,,,,,,,,,,,,,,,,,,,,,,,,,,,,,,,,,,,,,,,,,,,,,
2019-11-15 13:11:17.408322,full,frontview2,10,True,0.83,200,0.17468805611133575,0.7326202988624573,-1.0,slidewindow n=7 mode=all,,,,,,,,,,,,,,,,,,,,,,,,,,,,,,,,,,,,,,,,,,,,,,,,,,,,,,,,,,,,,,,,,,,,,,,,,,,,,,,,,,,,,,,,,,,,,
2019-11-15 13:11:46.918664,full,frontview2,10,False,0.83,200,0.4206773638725281,0.5632798671722412,-1.0,,,,,,,,,,,,,,,,,,,,,,,,,,,,,,,,,,,,,,,,,,,,,,,,,,,,,,,,,,,,,,,,,,,,,,,,,,,,,,,,,,,,,,,,,,,,,,
2019-11-15 13:11:46.987640,full,frontview2,10,False,0.83,200,0.40819963812828064,0.5846702456474304,-1.0,slidewindow n=3 mode=first,,,,,,,,,,,,,,,,,,,,,,,,,,,,,,,,,,,,,,,,,,,,,,,,,,,,,,,,,,,,,,,,,,,,,,,,,,,,,,,,,,,,,,,,,,,,,
2019-11-15 13:11:47.058617,full,frontview2,10,False,0.83,200,0.3689839541912079,0.6131907105445862,-1.0,slidewindow n=4 mode=first,,,,,,,,,,,,,,,,,,,,,,,,,,,,,,,,,,,,,,,,,,,,,,,,,,,,,,,,,,,,,,,,,,,,,,,,,,,,,,,,,,,,,,,,,,,,,
2019-11-15 13:11:47.112600,full,frontview2,10,False,0.83,200,0.33511584997177124,0.625668466091156,-1.0,slidewindow n=5 mode=first,,,,,,,,,,,,,,,,,,,,,,,,,,,,,,,,,,,,,,,,,,,,,,,,,,,,,,,,,,,,,,,,,,,,,,,,,,,,,,,,,,,,,,,,,,,,,
2019-11-15 13:11:47.165596,full,frontview2,10,False,0.83,200,0.2905525863170624,0.6345810890197754,-1.0,slidewindow n=6 mode=first,,,,,,,,,,,,,,,,,,,,,,,,,,,,,,,,,,,,,,,,,,,,,,,,,,,,,,,,,,,,,,,,,,,,,,,,,,,,,,,,,,,,,,,,,,,,,
2019-11-15 13:11:47.217580,full,frontview2,10,False,0.83,200,0.2566844820976257,0.6399286985397339,-1.0,slidewindow n=7 mode=first,,,,,,,,,,,,,,,,,,,,,,,,,,,,,,,,,,,,,,,,,,,,,,,,,,,,,,,,,,,,,,,,,,,,,,,,,,,,,,,,,,,,,,,,,,,,,
2019-11-15 13:11:47.272523,full,frontview2,10,False,0.83,200,0.18894830346107488,0.6221033930778503,-1.0,slidewindow n=3 mode=all,,,,,,,,,,,,,,,,,,,,,,,,,,,,,,,,,,,,,,,,,,,,,,,,,,,,,,,,,,,,,,,,,,,,,,,,,,,,,,,,,,,,,,,,,,,,,
2019-11-15 13:11:47.327505,full,frontview2,10,False,0.83,200,0.14973261952400208,0.6452763080596924,-1.0,slidewindow n=4 mode=all,,,,,,,,,,,,,,,,,,,,,,,,,,,,,,,,,,,,,,,,,,,,,,,,,,,,,,,,,,,,,,,,,,,,,,,,,,,,,,,,,,,,,,,,,,,,,
2019-11-15 13:11:47.381488,full,frontview2,10,False,0.83,200,0.12655971944332126,0.6559714674949646,-1.0,slidewindow n=5 mode=all,,,,,,,,,,,,,,,,,,,,,,,,,,,,,,,,,,,,,,,,,,,,,,,,,,,,,,,,,,,,,,,,,,,,,,,,,,,,,,,,,,,,,,,,,,,,,
2019-11-15 13:11:47.437475,full,frontview2,10,False,0.83,200,0.13368983566761014,0.6684492230415344,-1.0,slidewindow n=6 mode=all,,,,,,,,,,,,,,,,,,,,,,,,,,,,,,,,,,,,,,,,,,,,,,,,,,,,,,,,,,,,,,,,,,,,,,,,,,,,,,,,,,,,,,,,,,,,,
2019-11-15 13:11:47.492457,full,frontview2,10,False,0.83,200,0.13190731406211853,0.6809269189834595,-1.0,slidewindow n=7 mode=all,,,,,,,,,,,,,,,,,,,,,,,,,,,,,,,,,,,,,,,,,,,,,,,,,,,,,,,,,,,,,,,,,,,,,,,,,,,,,,,,,,,,,,,,,,,,,
2019-11-15 13:12:13.919386,full,floor2,10,True,0.83,200,0.5308880209922789,0.65444016456604,-1.0,,,,,,,,,,,,,,,,,,,,,,,,,,,,,,,,,,,,,,,,,,,,,,,,,,,,,,,,,,,,,,,,,,,,,,,,,,,,,,,,,,,,,,,,,,,,,,
2019-11-15 13:12:13.991433,full,floor2,10,True,0.83,200,0.5115830302238464,0.7027027010917664,-1.0,slidewindow n=3 mode=first,,,,,,,,,,,,,,,,,,,,,,,,,,,,,,,,,,,,,,,,,,,,,,,,,,,,,,,,,,,,,,,,,,,,,,,,,,,,,,,,,,,,,,,,,,,,,
2019-11-15 13:12:14.048390,full,floor2,10,True,0.83,200,0.4845559895038605,0.7393822669982909,-1.0,slidewindow n=4 mode=first,,,,,,,,,,,,,,,,,,,,,,,,,,,,,,,,,,,,,,,,,,,,,,,,,,,,,,,,,,,,,,,,,,,,,,,,,,,,,,,,,,,,,,,,,,,,,
2019-11-15 13:12:14.102373,full,floor2,10,True,0.83,200,0.4498069584369659,0.7528957724571228,-1.0,slidewindow n=5 mode=first,,,,,,,,,,,,,,,,,,,,,,,,,,,,,,,,,,,,,,,,,,,,,,,,,,,,,,,,,,,,,,,,,,,,,,,,,,,,,,,,,,,,,,,,,,,,,
2019-11-15 13:12:14.156379,full,floor2,10,True,0.83,200,0.4092664122581482,0.7760617733001709,-1.0,slidewindow n=6 mode=first,,,,,,,,,,,,,,,,,,,,,,,,,,,,,,,,,,,,,,,,,,,,,,,,,,,,,,,,,,,,,,,,,,,,,,,,,,,,,,,,,,,,,,,,,,,,,
2019-11-15 13:12:14.208357,full,floor2,10,True,0.83,200,0.38223937153816223,0.7818532586097717,-1.0,slidewindow n=7 mode=first,,,,,,,,,,,,,,,,,,,,,,,,,,,,,,,,,,,,,,,,,,,,,,,,,,,,,,,,,,,,,,,,,,,,,,,,,,,,,,,,,,,,,,,,,,,,,
2019-11-15 13:12:14.264573,full,floor2,10,True,0.83,200,0.3436293303966522,0.7432432174682617,-1.0,slidewindow n=3 mode=all,,,,,,,,,,,,,,,,,,,,,,,,,,,,,,,,,,,,,,,,,,,,,,,,,,,,,,,,,,,,,,,,,,,,,,,,,,,,,,,,,,,,,,,,,,,,,
2019-11-15 13:12:14.317569,full,floor2,10,True,0.83,200,0.29729729890823364,0.7702702879905701,-1.0,slidewindow n=4 mode=all,,,,,,,,,,,,,,,,,,,,,,,,,,,,,,,,,,,,,,,,,,,,,,,,,,,,,,,,,,,,,,,,,,,,,,,,,,,,,,,,,,,,,,,,,,,,,
2019-11-15 13:12:14.371997,full,floor2,10,True,0.83,200,0.2722007632255554,0.7760617733001709,-1.0,slidewindow n=5 mode=all,,,,,,,,,,,,,,,,,,,,,,,,,,,,,,,,,,,,,,,,,,,,,,,,,,,,,,,,,,,,,,,,,,,,,,,,,,,,,,,,,,,,,,,,,,,,,
2019-11-15 13:12:14.426979,full,floor2,10,True,0.83,200,0.2335907369852066,0.7818532586097717,-1.0,slidewindow n=6 mode=all,,,,,,,,,,,,,,,,,,,,,,,,,,,,,,,,,,,,,,,,,,,,,,,,,,,,,,,,,,,,,,,,,,,,,,,,,,,,,,,,,,,,,,,,,,,,,
2019-11-15 13:12:14.481623,full,floor2,10,True,0.83,200,0.2142857164144516,0.7818532586097717,-1.0,slidewindow n=7 mode=all,,,,,,,,,,,,,,,,,,,,,,,,,,,,,,,,,,,,,,,,,,,,,,,,,,,,,,,,,,,,,,,,,,,,,,,,,,,,,,,,,,,,,,,,,,,,,
2019-11-15 13:12:39.981723,full,floor2,10,False,0.83,200,0.42664092779159546,0.4575289487838745,-1.0,,,,,,,,,,,,,,,,,,,,,,,,,,,,,,,,,,,,,,,,,,,,,,,,,,,,,,,,,,,,,,,,,,,,,,,,,,,,,,,,,,,,,,,,,,,,,,
2019-11-15 13:12:40.049817,full,floor2,10,False,0.83,200,0.3996138870716095,0.480694979429245,-1.0,slidewindow n=3 mode=first,,,,,,,,,,,,,,,,,,,,,,,,,,,,,,,,,,,,,,,,,,,,,,,,,,,,,,,,,,,,,,,,,,,,,,,,,,,,,,,,,,,,,,,,,,,,,
2019-11-15 13:12:40.110797,full,floor2,10,False,0.83,200,0.36486485600471497,0.4787644743919373,-1.0,slidewindow n=4 mode=first,,,,,,,,,,,,,,,,,,,,,,,,,,,,,,,,,,,,,,,,,,,,,,,,,,,,,,,,,,,,,,,,,,,,,,,,,,,,,,,,,,,,,,,,,,,,,
2019-11-15 13:12:40.167779,full,floor2,10,False,0.83,200,0.3223938345909119,0.488416999578476,-1.0,slidewindow n=5 mode=first,,,,,,,,,,,,,,,,,,,,,,,,,,,,,,,,,,,,,,,,,,,,,,,,,,,,,,,,,,,,,,,,,,,,,,,,,,,,,,,,,,,,,,,,,,,,,
2019-11-15 13:12:40.220779,full,floor2,10,False,0.83,200,0.2895752787590027,0.492277979850769,-1.0,slidewindow n=6 mode=first,,,,,,,,,,,,,,,,,,,,,,,,,,,,,,,,,,,,,,,,,,,,,,,,,,,,,,,,,,,,,,,,,,,,,,,,,,,,,,,,,,,,,,,,,,,,,
2019-11-15 13:12:40.275858,full,floor2,10,False,0.83,200,0.26833978295326233,0.4942084848880768,-1.0,slidewindow n=7 mode=first,,,,,,,,,,,,,,,,,,,,,,,,,,,,,,,,,,,,,,,,,,,,,,,,,,,,,,,,,,,,,,,,,,,,,,,,,,,,,,,,,,,,,,,,,,,,,
2019-11-15 13:12:40.328842,full,floor2,10,False,0.83,200,0.2142857164144516,0.5038610100746155,-1.0,slidewindow n=3 mode=all,,,,,,,,,,,,,,,,,,,,,,,,,,,,,,,,,,,,,,,,,,,,,,,,,,,,,,,,,,,,,,,,,,,,,,,,,,,,,,,,,,,,,,,,,,,,,
2019-11-15 13:12:40.382825,full,floor2,10,False,0.83,200,0.15830115973949432,0.5096524953842163,-1.0,slidewindow n=4 mode=all,,,,,,,,,,,,,,,,,,,,,,,,,,,,,,,,,,,,,,,,,,,,,,,,,,,,,,,,,,,,,,,,,,,,,,,,,,,,,,,,,,,,,,,,,,,,,
2019-11-15 13:12:40.437813,full,floor2,10,False,0.83,200,0.13513512909412384,0.5154440402984619,-1.0,slidewindow n=5 mode=all,,,,,,,,,,,,,,,,,,,,,,,,,,,,,,,,,,,,,,,,,,,,,,,,,,,,,,,,,,,,,,,,,,,,,,,,,,,,,,,,,,,,,,,,,,,,,
2019-11-15 13:12:40.494789,full,floor2,10,False,0.83,200,0.1235521212220192,0.5096524953842163,-1.0,slidewindow n=6 mode=all,,,,,,,,,,,,,,,,,,,,,,,,,,,,,,,,,,,,,,,,,,,,,,,,,,,,,,,,,,,,,,,,,,,,,,,,,,,,,,,,,,,,,,,,,,,,,
2019-11-15 13:12:40.550775,full,floor2,10,False,0.83,200,0.11969111859798433,0.5057914853096008,-1.0,slidewindow n=7 mode=all,,,,,,,,,,,,,,,,,,,,,,,,,,,,,,,,,,,,,,,,,,,,,,,,,,,,,,,,,,,,,,,,,,,,,,,,,,,,,,,,,,,,,,,,,,,,,
2019-11-15 13:14:40.090588,no-masked-trimed,wall,20,True,0.83,200,0.8022922873497009,0.8452721834182739,-1.0,,,,,,,,,,,,,,,,,,,,,,,,,,,,,,,,,,,,,,,,,,,,,,,,,,,,,,,,,,,,,,,,,,,,,,,,,,,,,,,,,,,,,,,,,,,,,,
2019-11-15 13:14:40.142792,no-masked-trimed,wall,20,True,0.83,200,0.7650429606437683,0.9054441452026368,-1.0,slidewindow n=3 mode=first,,,,,,,,,,,,,,,,,,,,,,,,,,,,,,,,,,,,,,,,,,,,,,,,,,,,,,,,,,,,,,,,,,,,,,,,,,,,,,,,,,,,,,,,,,,,,
2019-11-15 13:14:40.205292,no-masked-trimed,wall,20,True,0.83,200,0.7249283790588379,0.9083094596862792,-1.0,slidewindow n=4 mode=first,,,,,,,,,,,,,,,,,,,,,,,,,,,,,,,,,,,,,,,,,,,,,,,,,,,,,,,,,,,,,,,,,,,,,,,,,,,,,,,,,,,,,,,,,,,,,
2019-11-15 13:14:40.280423,no-masked-trimed,wall,20,True,0.83,200,0.6819484233856201,0.9169054627418518,-1.0,slidewindow n=5 mode=first,,,,,,,,,,,,,,,,,,,,,,,,,,,,,,,,,,,,,,,,,,,,,,,,,,,,,,,,,,,,,,,,,,,,,,,,,,,,,,,,,,,,,,,,,,,,,
2019-11-15 13:14:40.336149,no-masked-trimed,wall,20,True,0.83,200,0.6217765212059021,0.9140400886535645,-1.0,slidewindow n=6 mode=first,,,,,,,,,,,,,,,,,,,,,,,,,,,,,,,,,,,,,,,,,,,,,,,,,,,,,,,,,,,,,,,,,,,,,,,,,,,,,,,,,,,,,,,,,,,,,
2019-11-15 13:14:40.393130,no-masked-trimed,wall,20,True,0.83,200,0.5759312510490417,0.9197707772254944,-1.0,slidewindow n=7 mode=first,,,,,,,,,,,,,,,,,,,,,,,,,,,,,,,,,,,,,,,,,,,,,,,,,,,,,,,,,,,,,,,,,,,,,,,,,,,,,,,,,,,,,,,,,,,,,
2019-11-15 13:14:40.454110,no-masked-trimed,wall,20,True,0.83,200,0.5816618800163269,0.939828097820282,-1.0,slidewindow n=3 mode=all,,,,,,,,,,,,,,,,,,,,,,,,,,,,,,,,,,,,,,,,,,,,,,,,,,,,,,,,,,,,,,,,,,,,,,,,,,,,,,,,,,,,,,,,,,,,,
2019-11-15 13:14:40.514091,no-masked-trimed,wall,20,True,0.83,200,0.5501432418823242,0.934097409248352,-1.0,slidewindow n=4 mode=all,,,,,,,,,,,,,,,,,,,,,,,,,,,,,,,,,,,,,,,,,,,,,,,,,,,,,,,,,,,,,,,,,,,,,,,,,,,,,,,,,,,,,,,,,,,,,
2019-11-15 13:14:40.578088,no-masked-trimed,wall,20,True,0.83,200,0.5186246633529663,0.939828097820282,-1.0,slidewindow n=5 mode=all,,,,,,,,,,,,,,,,,,,,,,,,,,,,,,,,,,,,,,,,,,,,,,,,,,,,,,,,,,,,,,,,,,,,,,,,,,,,,,,,,,,,,,,,,,,,,
2019-11-15 13:14:40.635052,no-masked-trimed,wall,20,True,0.83,200,0.4899713397026062,0.9426934123039246,-1.0,slidewindow n=6 mode=all,,,,,,,,,,,,,,,,,,,,,,,,,,,,,,,,,,,,,,,,,,,,,,,,,,,,,,,,,,,,,,,,,,,,,,,,,,,,,,,,,,,,,,,,,,,,,
2019-11-15 13:14:40.689035,no-masked-trimed,wall,20,True,0.83,200,0.4498567283153534,0.9484240412712096,-1.0,slidewindow n=7 mode=all,,,,,,,,,,,,,,,,,,,,,,,,,,,,,,,,,,,,,,,,,,,,,,,,,,,,,,,,,,,,,,,,,,,,,,,,,,,,,,,,,,,,,,,,,,,,,
2019-11-15 13:14:59.484196,no-masked-trimed,wall,20,False,0.83,200,0.8022922873497009,0.8653295040130615,-1.0,,,,,,,,,,,,,,,,,,,,,,,,,,,,,,,,,,,,,,,,,,,,,,,,,,,,,,,,,,,,,,,,,,,,,,,,,,,,,,,,,,,,,,,,,,,,,,
2019-11-15 13:14:59.552224,no-masked-trimed,wall,20,False,0.83,200,0.7851002812385559,0.9025787711143494,-1.0,slidewindow n=3 mode=first,,,,,,,,,,,,,,,,,,,,,,,,,,,,,,,,,,,,,,,,,,,,,,,,,,,,,,,,,,,,,,,,,,,,,,,,,,,,,,,,,,,,,,,,,,,,,
2019-11-15 13:14:59.614724,no-masked-trimed,wall,20,False,0.83,200,0.7535816431045532,0.9140400886535645,-1.0,slidewindow n=4 mode=first,,,,,,,,,,,,,,,,,,,,,,,,,,,,,,,,,,,,,,,,,,,,,,,,,,,,,,,,,,,,,,,,,,,,,,,,,,,,,,,,,,,,,,,,,,,,,
2019-11-15 13:14:59.677224,no-masked-trimed,wall,20,False,0.83,200,0.719197690486908,0.9169054627418518,-1.0,slidewindow n=5 mode=first,,,,,,,,,,,,,,,,,,,,,,,,,,,,,,,,,,,,,,,,,,,,,,,,,,,,,,,,,,,,,,,,,,,,,,,,,,,,,,,,,,,,,,,,,,,,,
2019-11-15 13:14:59.739016,no-masked-trimed,wall,20,False,0.83,200,0.6962750554084778,0.9169054627418518,-1.0,slidewindow n=6 mode=first,,,,,,,,,,,,,,,,,,,,,,,,,,,,,,,,,,,,,,,,,,,,,,,,,,,,,,,,,,,,,,,,,,,,,,,,,,,,,,,,,,,,,,,,,,,,,
2019-11-15 13:14:59.792999,no-masked-trimed,wall,20,False,0.83,200,0.6561604738235474,0.9169054627418518,-1.0,slidewindow n=7 mode=first,,,,,,,,,,,,,,,,,,,,,,,,,,,,,,,,,,,,,,,,,,,,,,,,,,,,,,,,,,,,,,,,,,,,,,,,,,,,,,,,,,,,,,,,,,,,,
2019-11-15 13:14:59.849980,no-masked-trimed,wall,20,False,0.83,200,0.4412607550621033,0.8853868246078491,-1.0,slidewindow n=3 mode=all,,,,,,,,,,,,,,,,,,,,,,,,,,,,,,,,,,,,,,,,,,,,,,,,,,,,,,,,,,,,,,,,,,,,,,,,,,,,,,,,,,,,,,,,,,,,,
2019-11-15 13:14:59.913960,no-masked-trimed,wall,20,False,0.83,200,0.3409742116928101,0.8882521390914917,-1.0,slidewindow n=4 mode=all,,,,,,,,,,,,,,,,,,,,,,,,,,,,,,,,,,,,,,,,,,,,,,,,,,,,,,,,,,,,,,,,,,,,,,,,,,,,,,,,,,,,,,,,,,,,,
2019-11-15 13:14:59.976941,no-masked-trimed,wall,20,False,0.83,200,0.2865329384803772,0.8911174535751343,-1.0,slidewindow n=5 mode=all,,,,,,,,,,,,,,,,,,,,,,,,,,,,,,,,,,,,,,,,,,,,,,,,,,,,,,,,,,,,,,,,,,,,,,,,,,,,,,,,,,,,,,,,,,,,,
2019-11-15 13:15:00.040920,no-masked-trimed,wall,20,False,0.83,200,0.266475647687912,0.8939828276634216,-1.0,slidewindow n=6 mode=all,,,,,,,,,,,,,,,,,,,,,,,,,,,,,,,,,,,,,,,,,,,,,,,,,,,,,,,,,,,,,,,,,,,,,,,,,,,,,,,,,,,,,,,,,,,,,
2019-11-15 13:15:00.098902,no-masked-trimed,wall,20,False,0.83,200,0.26074498891830444,0.8939828276634216,-1.0,slidewindow n=7 mode=all,,,,,,,,,,,,,,,,,,,,,,,,,,,,,,,,,,,,,,,,,,,,,,,,,,,,,,,,,,,,,,,,,,,,,,,,,,,,,,,,,,,,,,,,,,,,,
2019-11-15 13:15:29.706104,no-masked-trimed,frontview2,20,True,0.83,200,0.2281639873981476,0.7147949934005737,-1.0,,,,,,,,,,,,,,,,,,,,,,,,,,,,,,,,,,,,,,,,,,,,,,,,,,,,,,,,,,,,,,,,,,,,,,,,,,,,,,,,,,,,,,,,,,,,,,
2019-11-15 13:15:29.774082,no-masked-trimed,frontview2,20,True,0.83,200,0.2085561454296112,0.782531201839447,-1.0,slidewindow n=3 mode=first,,,,,,,,,,,,,,,,,,,,,,,,,,,,,,,,,,,,,,,,,,,,,,,,,,,,,,,,,,,,,,,,,,,,,,,,,,,,,,,,,,,,,,,,,,,,,
2019-11-15 13:15:29.843061,no-masked-trimed,frontview2,20,True,0.83,200,0.17825311422348022,0.8057041168212891,-1.0,slidewindow n=4 mode=first,,,,,,,,,,,,,,,,,,,,,,,,,,,,,,,,,,,,,,,,,,,,,,,,,,,,,,,,,,,,,,,,,,,,,,,,,,,,,,,,,,,,,,,,,,,,,
2019-11-15 13:15:29.915037,no-masked-trimed,frontview2,20,True,0.83,200,0.14973261952400208,0.8253119587898254,-1.0,slidewindow n=5 mode=first,,,,,,,,,,,,,,,,,,,,,,,,,,,,,,,,,,,,,,,,,,,,,,,,,,,,,,,,,,,,,,,,,,,,,,,,,,,,,,,,,,,,,,,,,,,,,
2019-11-15 13:15:29.976018,no-masked-trimed,frontview2,20,True,0.83,200,0.12834224104881287,0.8467023372650146,-1.0,slidewindow n=6 mode=first,,,,,,,,,,,,,,,,,,,,,,,,,,,,,,,,,,,,,,,,,,,,,,,,,,,,,,,,,,,,,,,,,,,,,,,,,,,,,,,,,,,,,,,,,,,,,
2019-11-15 13:15:30.035999,no-masked-trimed,frontview2,20,True,0.83,200,0.11586453020572662,0.8538324236869812,-1.0,slidewindow n=7 mode=first,,,,,,,,,,,,,,,,,,,,,,,,,,,,,,,,,,,,,,,,,,,,,,,,,,,,,,,,,,,,,,,,,,,,,,,,,,,,,,,,,,,,,,,,,,,,,
2019-11-15 13:15:30.094992,no-masked-trimed,frontview2,20,True,0.83,200,0.14260248839855194,0.8110516667366028,-1.0,slidewindow n=3 mode=all,,,,,,,,,,,,,,,,,,,,,,,,,,,,,,,,,,,,,,,,,,,,,,,,,,,,,,,,,,,,,,,,,,,,,,,,,,,,,,,,,,,,,,,,,,,,,
2019-11-15 13:15:30.154962,no-masked-trimed,frontview2,20,True,0.83,200,0.1301247775554657,0.8413547277450562,-1.0,slidewindow n=4 mode=all,,,,,,,,,,,,,,,,,,,,,,,,,,,,,,,,,,,,,,,,,,,,,,,,,,,,,,,,,,,,,,,,,,,,,,,,,,,,,,,,,,,,,,,,,,,,,
2019-11-15 13:15:30.215954,no-masked-trimed,frontview2,20,True,0.83,200,0.11051693558692932,0.8591800332069397,-1.0,slidewindow n=5 mode=all,,,,,,,,,,,,,,,,,,,,,,,,,,,,,,,,,,,,,,,,,,,,,,,,,,,,,,,,,,,,,,,,,,,,,,,,,,,,,,,,,,,,,,,,,,,,,
2019-11-15 13:15:30.278934,no-masked-trimed,frontview2,20,True,0.83,200,0.10160427540540697,0.8770053386688232,-1.0,slidewindow n=6 mode=all,,,,,,,,,,,,,,,,,,,,,,,,,,,,,,,,,,,,,,,,,,,,,,,,,,,,,,,,,,,,,,,,,,,,,,,,,,,,,,,,,,,,,,,,,,,,,
2019-11-15 13:15:30.341902,no-masked-trimed,frontview2,20,True,0.83,200,0.09269162267446518,0.8930481076240541,-1.0,slidewindow n=7 mode=all,,,,,,,,,,,,,,,,,,,,,,,,,,,,,,,,,,,,,,,,,,,,,,,,,,,,,,,,,,,,,,,,,,,,,,,,,,,,,,,,,,,,,,,,,,,,,
2019-11-15 13:16:00.319235,no-masked-trimed,frontview2,20,False,0.83,200,0.2745098173618317,0.6916220784187317,-1.0,,,,,,,,,,,,,,,,,,,,,,,,,,,,,,,,,,,,,,,,,,,,,,,,,,,,,,,,,,,,,,,,,,,,,,,,,,,,,,,,,,,,,,,,,,,,,,
2019-11-15 13:16:00.393211,no-masked-trimed,frontview2,20,False,0.83,200,0.2442067712545395,0.7237076759338379,-1.0,slidewindow n=3 mode=first,,,,,,,,,,,,,,,,,,,,,,,,,,,,,,,,,,,,,,,,,,,,,,,,,,,,,,,,,,,,,,,,,,,,,,,,,,,,,,,,,,,,,,,,,,,,,
2019-11-15 13:16:00.482183,no-masked-trimed,frontview2,20,False,0.83,200,0.21746881306171406,0.7629233598709106,-1.0,slidewindow n=4 mode=first,,,,,,,,,,,,,,,,,,,,,,,,,,,,,,,,,,,,,,,,,,,,,,,,,,,,,,,,,,,,,,,,,,,,,,,,,,,,,,,,,,,,,,,,,,,,,
2019-11-15 13:16:00.543180,no-masked-trimed,frontview2,20,False,0.83,200,0.16399286687374115,0.7843137383460999,-1.0,slidewindow n=5 mode=first,,,,,,,,,,,,,,,,,,,,,,,,,,,,,,,,,,,,,,,,,,,,,,,,,,,,,,,,,,,,,,,,,,,,,,,,,,,,,,,,,,,,,,,,,,,,,
2019-11-15 13:16:00.604878,no-masked-trimed,frontview2,20,False,0.83,200,0.12834224104881287,0.8039215803146362,-1.0,slidewindow n=6 mode=first,,,,,,,,,,,,,,,,,,,,,,,,,,,,,,,,,,,,,,,,,,,,,,,,,,,,,,,,,,,,,,,,,,,,,,,,,,,,,,,,,,,,,,,,,,,,,
2019-11-15 13:16:00.677545,no-masked-trimed,frontview2,20,False,0.83,200,0.11586453020572662,0.8163992762565613,-1.0,slidewindow n=7 mode=first,,,,,,,,,,,,,,,,,,,,,,,,,,,,,,,,,,,,,,,,,,,,,,,,,,,,,,,,,,,,,,,,,,,,,,,,,,,,,,,,,,,,,,,,,,,,,
2019-11-15 13:16:00.751538,no-masked-trimed,frontview2,20,False,0.83,200,0.11229946464300156,0.7468805909156799,-1.0,slidewindow n=3 mode=all,,,,,,,,,,,,,,,,,,,,,,,,,,,,,,,,,,,,,,,,,,,,,,,,,,,,,,,,,,,,,,,,,,,,,,,,,,,,,,,,,,,,,,,,,,,,,
2019-11-15 13:16:00.812794,no-masked-trimed,frontview2,20,False,0.83,200,0.09090909361839294,0.7771835923194885,-1.0,slidewindow n=4 mode=all,,,,,,,,,,,,,,,,,,,,,,,,,,,,,,,,,,,,,,,,,,,,,,,,,,,,,,,,,,,,,,,,,,,,,,,,,,,,,,,,,,,,,,,,,,,,,
2019-11-15 13:16:00.873758,no-masked-trimed,frontview2,20,False,0.83,200,0.08199643343687057,0.7950088977813721,-1.0,slidewindow n=5 mode=all,,,,,,,,,,,,,,,,,,,,,,,,,,,,,,,,,,,,,,,,,,,,,,,,,,,,,,,,,,,,,,,,,,,,,,,,,,,,,,,,,,,,,,,,,,,,,
2019-11-15 13:16:00.940754,no-masked-trimed,frontview2,20,False,0.83,200,0.07130124419927597,0.8074866533279419,-1.0,slidewindow n=6 mode=all,,,,,,,,,,,,,,,,,,,,,,,,,,,,,,,,,,,,,,,,,,,,,,,,,,,,,,,,,,,,,,,,,,,,,,,,,,,,,,,,,,,,,,,,,,,,,
2019-11-15 13:16:01.004781,no-masked-trimed,frontview2,20,False,0.83,200,0.0677361860871315,0.8128342032432556,-1.0,slidewindow n=7 mode=all,,,,,,,,,,,,,,,,,,,,,,,,,,,,,,,,,,,,,,,,,,,,,,,,,,,,,,,,,,,,,,,,,,,,,,,,,,,,,,,,,,,,,,,,,,,,,
2019-11-15 13:16:28.607032,no-masked-trimed,floor2,20,True,0.83,200,0.4498069584369659,0.6602316498756409,-1.0,,,,,,,,,,,,,,,,,,,,,,,,,,,,,,,,,,,,,,,,,,,,,,,,,,,,,,,,,,,,,,,,,,,,,,,,,,,,,,,,,,,,,,,,,,,,,,
2019-11-15 13:16:28.701693,no-masked-trimed,floor2,20,True,0.83,200,0.4092664122581482,0.7200772166252136,-1.0,slidewindow n=3 mode=first,,,,,,,,,,,,,,,,,,,,,,,,,,,,,,,,,,,,,,,,,,,,,,,,,,,,,,,,,,,,,,,,,,,,,,,,,,,,,,,,,,,,,,,,,,,,,
2019-11-15 13:16:28.785939,no-masked-trimed,floor2,20,True,0.83,200,0.34942084550857544,0.7451737523078918,-1.0,slidewindow n=4 mode=first,,,,,,,,,,,,,,,,,,,,,,,,,,,,,,,,,,,,,,,,,,,,,,,,,,,,,,,,,,,,,,,,,,,,,,,,,,,,,,,,,,,,,,,,,,,,,
2019-11-15 13:16:28.831995,no-masked-trimed,floor2,20,True,0.83,200,0.3050193190574646,0.7586872577667236,-1.0,slidewindow n=5 mode=first,,,,,,,,,,,,,,,,,,,,,,,,,,,,,,,,,,,,,,,,,,,,,,,,,,,,,,,,,,,,,,,,,,,,,,,,,,,,,,,,,,,,,,,,,,,,,
2019-11-15 13:16:28.906173,no-masked-trimed,floor2,20,True,0.83,200,0.2799227833747864,0.7702702879905701,-1.0,slidewindow n=6 mode=first,,,,,,,,,,,,,,,,,,,,,,,,,,,,,,,,,,,,,,,,,,,,,,,,,,,,,,,,,,,,,,,,,,,,,,,,,,,,,,,,,,,,,,,,,,,,,
2019-11-15 13:16:28.967246,no-masked-trimed,floor2,20,True,0.83,200,0.2548262476921081,0.7760617733001709,-1.0,slidewindow n=7 mode=first,,,,,,,,,,,,,,,,,,,,,,,,,,,,,,,,,,,,,,,,,,,,,,,,,,,,,,,,,,,,,,,,,,,,,,,,,,,,,,,,,,,,,,,,,,,,,
2019-11-15 13:16:29.029209,no-masked-trimed,floor2,20,True,0.83,200,0.3223938345909119,0.7779922485351562,-1.0,slidewindow n=3 mode=all,,,,,,,,,,,,,,,,,,,,,,,,,,,,,,,,,,,,,,,,,,,,,,,,,,,,,,,,,,,,,,,,,,,,,,,,,,,,,,,,,,,,,,,,,,,,,
2019-11-15 13:16:29.089384,no-masked-trimed,floor2,20,True,0.83,200,0.2818532884120941,0.8030887842178345,-1.0,slidewindow n=4 mode=all,,,,,,,,,,,,,,,,,,,,,,,,,,,,,,,,,,,,,,,,,,,,,,,,,,,,,,,,,,,,,,,,,,,,,,,,,,,,,,,,,,,,,,,,,,,,,
2019-11-15 13:16:29.150365,no-masked-trimed,floor2,20,True,0.83,200,0.2528957426548004,0.8127413392066956,-1.0,slidewindow n=5 mode=all,,,,,,,,,,,,,,,,,,,,,,,,,,,,,,,,,,,,,,,,,,,,,,,,,,,,,,,,,,,,,,,,,,,,,,,,,,,,,,,,,,,,,,,,,,,,,
2019-11-15 13:16:29.213345,no-masked-trimed,floor2,20,True,0.83,200,0.23938223719596866,0.8281853199005127,-1.0,slidewindow n=6 mode=all,,,,,,,,,,,,,,,,,,,,,,,,,,,,,,,,,,,,,,,,,,,,,,,,,,,,,,,,,,,,,,,,,,,,,,,,,,,,,,,,,,,,,,,,,,,,,
2019-11-15 13:16:29.275396,no-masked-trimed,floor2,20,True,0.83,200,0.22200772166252136,0.8416988253593445,-1.0,slidewindow n=7 mode=all,,,,,,,,,,,,,,,,,,,,,,,,,,,,,,,,,,,,,,,,,,,,,,,,,,,,,,,,,,,,,,,,,,,,,,,,,,,,,,,,,,,,,,,,,,,,,
2019-11-15 13:16:57.386826,no-masked-trimed,floor2,20,False,0.83,200,0.5096524953842163,0.6776061654090881,-1.0,,,,,,,,,,,,,,,,,,,,,,,,,,,,,,,,,,,,,,,,,,,,,,,,,,,,,,,,,,,,,,,,,,,,,,,,,,,,,,,,,,,,,,,,,,,,,,
2019-11-15 13:16:57.465042,no-masked-trimed,floor2,20,False,0.83,200,0.4671814739704132,0.7220077514648438,-1.0,slidewindow n=3 mode=first,,,,,,,,,,,,,,,,,,,,,,,,,,,,,,,,,,,,,,,,,,,,,,,,,,,,,,,,,,,,,,,,,,,,,,,,,,,,,,,,,,,,,,,,,,,,,
2019-11-15 13:16:57.558012,no-masked-trimed,floor2,20,False,0.83,200,0.4169884026050568,0.7451737523078918,-1.0,slidewindow n=4 mode=first,,,,,,,,,,,,,,,,,,,,,,,,,,,,,,,,,,,,,,,,,,,,,,,,,,,,,,,,,,,,,,,,,,,,,,,,,,,,,,,,,,,,,,,,,,,,,
2019-11-15 13:16:57.629989,no-masked-trimed,floor2,20,False,0.83,200,0.36486485600471497,0.7586872577667236,-1.0,slidewindow n=5 mode=first,,,,,,,,,,,,,,,,,,,,,,,,,,,,,,,,,,,,,,,,,,,,,,,,,,,,,,,,,,,,,,,,,,,,,,,,,,,,,,,,,,,,,,,,,,,,,
2019-11-15 13:16:57.691089,no-masked-trimed,floor2,20,False,0.83,200,0.2992278039455414,0.7722007632255554,-1.0,slidewindow n=6 mode=first,,,,,,,,,,,,,,,,,,,,,,,,,,,,,,,,,,,,,,,,,,,,,,,,,,,,,,,,,,,,,,,,,,,,,,,,,,,,,,,,,,,,,,,,,,,,,
2019-11-15 13:16:57.753532,no-masked-trimed,floor2,20,False,0.83,200,0.2625482678413391,0.7837837934494019,-1.0,slidewindow n=7 mode=first,,,,,,,,,,,,,,,,,,,,,,,,,,,,,,,,,,,,,,,,,,,,,,,,,,,,,,,,,,,,,,,,,,,,,,,,,,,,,,,,,,,,,,,,,,,,,
2019-11-15 13:16:57.816496,no-masked-trimed,floor2,20,False,0.83,200,0.26447877287864685,0.7181467413902283,-1.0,slidewindow n=3 mode=all,,,,,,,,,,,,,,,,,,,,,,,,,,,,,,,,,,,,,,,,,,,,,,,,,,,,,,,,,,,,,,,,,,,,,,,,,,,,,,,,,,,,,,,,,,,,,
2019-11-15 13:16:57.881475,no-masked-trimed,floor2,20,False,0.83,200,0.20077219605445865,0.7413127422332764,-1.0,slidewindow n=4 mode=all,,,,,,,,,,,,,,,,,,,,,,,,,,,,,,,,,,,,,,,,,,,,,,,,,,,,,,,,,,,,,,,,,,,,,,,,,,,,,,,,,,,,,,,,,,,,,
2019-11-15 13:16:57.945471,no-masked-trimed,floor2,20,False,0.83,200,0.1660231649875641,0.7548262476921082,-1.0,slidewindow n=5 mode=all,,,,,,,,,,,,,,,,,,,,,,,,,,,,,,,,,,,,,,,,,,,,,,,,,,,,,,,,,,,,,,,,,,,,,,,,,,,,,,,,,,,,,,,,,,,,,
2019-11-15 13:16:58.010865,no-masked-trimed,floor2,20,False,0.83,200,0.14864864945411682,0.7567567825317383,-1.0,slidewindow n=6 mode=all,,,,,,,,,,,,,,,,,,,,,,,,,,,,,,,,,,,,,,,,,,,,,,,,,,,,,,,,,,,,,,,,,,,,,,,,,,,,,,,,,,,,,,,,,,,,,
2019-11-15 13:16:58.075857,no-masked-trimed,floor2,20,False,0.83,200,0.14671814441680908,0.7606177330017091,-1.0,slidewindow n=7 mode=all,,,,,,,,,,,,,,,,,,,,,,,,,,,,,,,,,,,,,,,,,,,,,,,,,,,,,,,,,,,,,,,,,,,,,,,,,,,,,,,,,,,,,,,,,,,,,
2019-11-15 13:17:30.277225,original,wall,20,True,0.83,200,0.8080229163169861,0.7994269132614136,-1.0,,,,,,,,,,,,,,,,,,,,,,,,,,,,,,,,,,,,,,,,,,,,,,,,,,,,,,,,,,,,,,,,,,,,,,,,,,,,,,,,,,,,,,,,,,,,,,
2019-11-15 13:17:30.358259,original,wall,20,True,0.83,200,0.7879655957221985,0.8510028719902039,-1.0,slidewindow n=3 mode=first,,,,,,,,,,,,,,,,,,,,,,,,,,,,,,,,,,,,,,,,,,,,,,,,,,,,,,,,,,,,,,,,,,,,,,,,,,,,,,,,,,,,,,,,,,,,,
2019-11-15 13:17:30.432235,original,wall,20,True,0.83,200,0.7392550110816956,0.8710601925849915,-1.0,slidewindow n=4 mode=first,,,,,,,,,,,,,,,,,,,,,,,,,,,,,,,,,,,,,,,,,,,,,,,,,,,,,,,,,,,,,,,,,,,,,,,,,,,,,,,,,,,,,,,,,,,,,
2019-11-15 13:17:30.496215,original,wall,20,True,0.83,200,0.7106017470359802,0.8767908215522766,-1.0,slidewindow n=5 mode=first,,,,,,,,,,,,,,,,,,,,,,,,,,,,,,,,,,,,,,,,,,,,,,,,,,,,,,,,,,,,,,,,,,,,,,,,,,,,,,,,,,,,,,,,,,,,,
2019-11-15 13:17:30.557196,original,wall,20,True,0.83,200,0.6733524203300476,0.8767908215522766,-1.0,slidewindow n=6 mode=first,,,,,,,,,,,,,,,,,,,,,,,,,,,,,,,,,,,,,,,,,,,,,,,,,,,,,,,,,,,,,,,,,,,,,,,,,,,,,,,,,,,,,,,,,,,,,
2019-11-15 13:17:30.616177,original,wall,20,True,0.83,200,0.6217765212059021,0.8825215101242065,-1.0,slidewindow n=7 mode=first,,,,,,,,,,,,,,,,,,,,,,,,,,,,,,,,,,,,,,,,,,,,,,,,,,,,,,,,,,,,,,,,,,,,,,,,,,,,,,,,,,,,,,,,,,,,,
2019-11-15 13:17:30.675176,original,wall,20,True,0.83,200,0.6361031532287598,0.8653295040130615,-1.0,slidewindow n=3 mode=all,,,,,,,,,,,,,,,,,,,,,,,,,,,,,,,,,,,,,,,,,,,,,,,,,,,,,,,,,,,,,,,,,,,,,,,,,,,,,,,,,,,,,,,,,,,,,
2019-11-15 13:17:30.740155,original,wall,20,True,0.83,200,0.5730658769607544,0.8825215101242065,-1.0,slidewindow n=4 mode=all,,,,,,,,,,,,,,,,,,,,,,,,,,,,,,,,,,,,,,,,,,,,,,,,,,,,,,,,,,,,,,,,,,,,,,,,,,,,,,,,,,,,,,,,,,,,,
2019-11-15 13:17:30.807133,original,wall,20,True,0.83,200,0.5386819243431091,0.8767908215522766,-1.0,slidewindow n=5 mode=all,,,,,,,,,,,,,,,,,,,,,,,,,,,,,,,,,,,,,,,,,,,,,,,,,,,,,,,,,,,,,,,,,,,,,,,,,,,,,,,,,,,,,,,,,,,,,
2019-11-15 13:17:30.869383,original,wall,20,True,0.83,200,0.5071633458137512,0.8825215101242065,-1.0,slidewindow n=6 mode=all,,,,,,,,,,,,,,,,,,,,,,,,,,,,,,,,,,,,,,,,,,,,,,,,,,,,,,,,,,,,,,,,,,,,,,,,,,,,,,,,,,,,,,,,,,,,,
2019-11-15 13:17:30.933363,original,wall,20,True,0.83,200,0.4842406809329986,0.8796561360359192,-1.0,slidewindow n=7 mode=all,,,,,,,,,,,,,,,,,,,,,,,,,,,,,,,,,,,,,,,,,,,,,,,,,,,,,,,,,,,,,,,,,,,,,,,,,,,,,,,,,,,,,,,,,,,,,
2019-11-15 13:17:50.778606,original,wall,20,False,0.83,200,0.6905444264411926,0.6361031532287598,-1.0,,,,,,,,,,,,,,,,,,,,,,,,,,,,,,,,,,,,,,,,,,,,,,,,,,,,,,,,,,,,,,,,,,,,,,,,,,,,,,,,,,,,,,,,,,,,,,
2019-11-15 13:17:50.867507,original,wall,20,False,0.83,200,0.6733524203300476,0.6647564172744751,-1.0,slidewindow n=3 mode=first,,,,,,,,,,,,,,,,,,,,,,,,,,,,,,,,,,,,,,,,,,,,,,,,,,,,,,,,,,,,,,,,,,,,,,,,,,,,,,,,,,,,,,,,,,,,,
2019-11-15 13:17:50.967474,original,wall,20,False,0.83,200,0.6246418356895447,0.676217794418335,-1.0,slidewindow n=4 mode=first,,,,,,,,,,,,,,,,,,,,,,,,,,,,,,,,,,,,,,,,,,,,,,,,,,,,,,,,,,,,,,,,,,,,,,,,,,,,,,,,,,,,,,,,,,,,,
2019-11-15 13:17:51.027506,original,wall,20,False,0.83,200,0.5759312510490417,0.6790831089019775,-1.0,slidewindow n=5 mode=first,,,,,,,,,,,,,,,,,,,,,,,,,,,,,,,,,,,,,,,,,,,,,,,,,,,,,,,,,,,,,,,,,,,,,,,,,,,,,,,,,,,,,,,,,,,,,
2019-11-15 13:17:51.092502,original,wall,20,False,0.83,200,0.5358166098594666,0.6790831089019775,-1.0,slidewindow n=6 mode=first,,,,,,,,,,,,,,,,,,,,,,,,,,,,,,,,,,,,,,,,,,,,,,,,,,,,,,,,,,,,,,,,,,,,,,,,,,,,,,,,,,,,,,,,,,,,,
2019-11-15 13:17:51.158464,original,wall,20,False,0.83,200,0.5042979717254639,0.6905444264411926,-1.0,slidewindow n=7 mode=first,,,,,,,,,,,,,,,,,,,,,,,,,,,,,,,,,,,,,,,,,,,,,,,,,,,,,,,,,,,,,,,,,,,,,,,,,,,,,,,,,,,,,,,,,,,,,
2019-11-15 13:17:51.218445,original,wall,20,False,0.83,200,0.4269340932369232,0.6561604738235474,-1.0,slidewindow n=3 mode=all,,,,,,,,,,,,,,,,,,,,,,,,,,,,,,,,,,,,,,,,,,,,,,,,,,,,,,,,,,,,,,,,,,,,,,,,,,,,,,,,,,,,,,,,,,,,,
2019-11-15 13:17:51.277426,original,wall,20,False,0.83,200,0.29226359724998474,0.6590257883071899,-1.0,slidewindow n=4 mode=all,,,,,,,,,,,,,,,,,,,,,,,,,,,,,,,,,,,,,,,,,,,,,,,,,,,,,,,,,,,,,,,,,,,,,,,,,,,,,,,,,,,,,,,,,,,,,
2019-11-15 13:17:51.341406,original,wall,20,False,0.83,200,0.28939828276634216,0.6676217913627625,-1.0,slidewindow n=5 mode=all,,,,,,,,,,,,,,,,,,,,,,,,,,,,,,,,,,,,,,,,,,,,,,,,,,,,,,,,,,,,,,,,,,,,,,,,,,,,,,,,,,,,,,,,,,,,,
2019-11-15 13:17:51.404386,original,wall,20,False,0.83,200,0.28080227971076965,0.6676217913627625,-1.0,slidewindow n=6 mode=all,,,,,,,,,,,,,,,,,,,,,,,,,,,,,,,,,,,,,,,,,,,,,,,,,,,,,,,,,,,,,,,,,,,,,,,,,,,,,,,,,,,,,,,,,,,,,
2019-11-15 13:17:51.467366,original,wall,20,False,0.83,200,0.26934096217155457,0.670487105846405,-1.0,slidewindow n=7 mode=all,,,,,,,,,,,,,,,,,,,,,,,,,,,,,,,,,,,,,,,,,,,,,,,,,,,,,,,,,,,,,,,,,,,,,,,,,,,,,,,,,,,,,,,,,,,,,
2019-11-15 13:18:21.419264,original,frontview2,20,True,0.83,200,0.3600713014602661,0.7201426029205322,-1.0,,,,,,,,,,,,,,,,,,,,,,,,,,,,,,,,,,,,,,,,,,,,,,,,,,,,,,,,,,,,,,,,,,,,,,,,,,,,,,,,,,,,,,,,,,,,,,
2019-11-15 13:18:21.508363,original,frontview2,20,True,0.83,200,0.34581103920936584,0.7807486653327942,-1.0,slidewindow n=3 mode=first,,,,,,,,,,,,,,,,,,,,,,,,,,,,,,,,,,,,,,,,,,,,,,,,,,,,,,,,,,,,,,,,,,,,,,,,,,,,,,,,,,,,,,,,,,,,,
2019-11-15 13:18:21.584760,original,frontview2,20,True,0.83,200,0.3155080080032349,0.8270944952964783,-1.0,slidewindow n=4 mode=first,,,,,,,,,,,,,,,,,,,,,,,,,,,,,,,,,,,,,,,,,,,,,,,,,,,,,,,,,,,,,,,,,,,,,,,,,,,,,,,,,,,,,,,,,,,,,
2019-11-15 13:18:21.650718,original,frontview2,20,True,0.83,200,0.2780748605728149,0.855614960193634,-1.0,slidewindow n=5 mode=first,,,,,,,,,,,,,,,,,,,,,,,,,,,,,,,,,,,,,,,,,,,,,,,,,,,,,,,,,,,,,,,,,,,,,,,,,,,,,,,,,,,,,,,,,,,,,
2019-11-15 13:18:21.724691,original,frontview2,20,True,0.83,200,0.2549019753932953,0.8859180212020874,-1.0,slidewindow n=6 mode=first,,,,,,,,,,,,,,,,,,,,,,,,,,,,,,,,,,,,,,,,,,,,,,,,,,,,,,,,,,,,,,,,,,,,,,,,,,,,,,,,,,,,,,,,,,,,,
2019-11-15 13:18:21.778991,original,frontview2,20,True,0.83,200,0.24064171314239505,0.8983957171440125,-1.0,slidewindow n=7 mode=first,,,,,,,,,,,,,,,,,,,,,,,,,,,,,,,,,,,,,,,,,,,,,,,,,,,,,,,,,,,,,,,,,,,,,,,,,,,,,,,,,,,,,,,,,,,,,
2019-11-15 13:18:21.861079,original,frontview2,20,True,0.83,200,0.2388591766357422,0.8163992762565613,-1.0,slidewindow n=3 mode=all,,,,,,,,,,,,,,,,,,,,,,,,,,,,,,,,,,,,,,,,,,,,,,,,,,,,,,,,,,,,,,,,,,,,,,,,,,,,,,,,,,,,,,,,,,,,,
2019-11-15 13:18:21.939175,original,frontview2,20,True,0.83,200,0.2049910873174668,0.8627451062202454,-1.0,slidewindow n=4 mode=all,,,,,,,,,,,,,,,,,,,,,,,,,,,,,,,,,,,,,,,,,,,,,,,,,,,,,,,,,,,,,,,,,,,,,,,,,,,,,,,,,,,,,,,,,,,,,
2019-11-15 13:18:22.021772,original,frontview2,20,True,0.83,200,0.1925133615732193,0.8805704116821289,-1.0,slidewindow n=5 mode=all,,,,,,,,,,,,,,,,,,,,,,,,,,,,,,,,,,,,,,,,,,,,,,,,,,,,,,,,,,,,,,,,,,,,,,,,,,,,,,,,,,,,,,,,,,,,,
2019-11-15 13:18:22.092163,original,frontview2,20,True,0.83,200,0.1622103452682495,0.901960790157318,-1.0,slidewindow n=6 mode=all,,,,,,,,,,,,,,,,,,,,,,,,,,,,,,,,,,,,,,,,,,,,,,,,,,,,,,,,,,,,,,,,,,,,,,,,,,,,,,,,,,,,,,,,,,,,,
2019-11-15 13:18:22.163639,original,frontview2,20,True,0.83,200,0.1461675614118576,0.9251337051391602,-1.0,slidewindow n=7 mode=all,,,,,,,,,,,,,,,,,,,,,,,,,,,,,,,,,,,,,,,,,,,,,,,,,,,,,,,,,,,,,,,,,,,,,,,,,,,,,,,,,,,,,,,,,,,,,
2019-11-15 13:18:53.121386,original,frontview2,20,False,0.83,200,0.42424243688583374,0.6310160160064697,-1.0,,,,,,,,,,,,,,,,,,,,,,,,,,,,,,,,,,,,,,,,,,,,,,,,,,,,,,,,,,,,,,,,,,,,,,,,,,,,,,,,,,,,,,,,,,,,,,
2019-11-15 13:18:53.194362,original,frontview2,20,False,0.83,200,0.3975044488906861,0.6595365405082703,-1.0,slidewindow n=3 mode=first,,,,,,,,,,,,,,,,,,,,,,,,,,,,,,,,,,,,,,,,,,,,,,,,,,,,,,,,,,,,,,,,,,,,,,,,,,,,,,,,,,,,,,,,,,,,,
2019-11-15 13:18:53.283334,original,frontview2,20,False,0.83,200,0.3582887649536133,0.6844919919967651,-1.0,slidewindow n=4 mode=first,,,,,,,,,,,,,,,,,,,,,,,,,,,,,,,,,,,,,,,,,,,,,,,,,,,,,,,,,,,,,,,,,,,,,,,,,,,,,,,,,,,,,,,,,,,,,
2019-11-15 13:18:53.354547,original,frontview2,20,False,0.83,200,0.3137255012989044,0.6969696879386902,-1.0,slidewindow n=5 mode=first,,,,,,,,,,,,,,,,,,,,,,,,,,,,,,,,,,,,,,,,,,,,,,,,,,,,,,,,,,,,,,,,,,,,,,,,,,,,,,,,,,,,,,,,,,,,,
2019-11-15 13:18:53.435468,original,frontview2,20,False,0.83,200,0.26381462812423706,0.7237076759338379,-1.0,slidewindow n=6 mode=first,,,,,,,,,,,,,,,,,,,,,,,,,,,,,,,,,,,,,,,,,,,,,,,,,,,,,,,,,,,,,,,,,,,,,,,,,,,,,,,,,,,,,,,,,,,,,
2019-11-15 13:18:53.506008,original,frontview2,20,False,0.83,200,0.2388591766357422,0.7237076759338379,-1.0,slidewindow n=7 mode=first,,,,,,,,,,,,,,,,,,,,,,,,,,,,,,,,,,,,,,,,,,,,,,,,,,,,,,,,,,,,,,,,,,,,,,,,,,,,,,,,,,,,,,,,,,,,,
2019-11-15 13:18:53.582315,original,frontview2,20,False,0.83,200,0.15329767763614655,0.6577540040016174,-1.0,slidewindow n=3 mode=all,,,,,,,,,,,,,,,,,,,,,,,,,,,,,,,,,,,,,,,,,,,,,,,,,,,,,,,,,,,,,,,,,,,,,,,,,,,,,,,,,,,,,,,,,,,,,
2019-11-15 13:18:53.660378,original,frontview2,20,False,0.83,200,0.13190731406211853,0.6737967729568481,-1.0,slidewindow n=4 mode=all,,,,,,,,,,,,,,,,,,,,,,,,,,,,,,,,,,,,,,,,,,,,,,,,,,,,,,,,,,,,,,,,,,,,,,,,,,,,,,,,,,,,,,,,,,,,,
2019-11-15 13:18:53.740354,original,frontview2,20,False,0.83,200,0.11764705926179884,0.6969696879386902,-1.0,slidewindow n=5 mode=all,,,,,,,,,,,,,,,,,,,,,,,,,,,,,,,,,,,,,,,,,,,,,,,,,,,,,,,,,,,,,,,,,,,,,,,,,,,,,,,,,,,,,,,,,,,,,
2019-11-15 13:18:53.812595,original,frontview2,20,False,0.83,200,0.11229946464300156,0.70944744348526,-1.0,slidewindow n=6 mode=all,,,,,,,,,,,,,,,,,,,,,,,,,,,,,,,,,,,,,,,,,,,,,,,,,,,,,,,,,,,,,,,,,,,,,,,,,,,,,,,,,,,,,,,,,,,,,
2019-11-15 13:18:53.883274,original,frontview2,20,False,0.83,200,0.11051693558692932,0.7201426029205322,-1.0,slidewindow n=7 mode=all,,,,,,,,,,,,,,,,,,,,,,,,,,,,,,,,,,,,,,,,,,,,,,,,,,,,,,,,,,,,,,,,,,,,,,,,,,,,,,,,,,,,,,,,,,,,,
2019-11-15 13:19:22.200078,original,floor2,20,True,0.83,200,0.5193049907684326,0.6949806809425354,-1.0,,,,,,,,,,,,,,,,,,,,,,,,,,,,,,,,,,,,,,,,,,,,,,,,,,,,,,,,,,,,,,,,,,,,,,,,,,,,,,,,,,,,,,,,,,,,,,
2019-11-15 13:19:22.301200,original,floor2,20,True,0.83,200,0.5,0.7644787430763245,-1.0,slidewindow n=3 mode=first,,,,,,,,,,,,,,,,,,,,,,,,,,,,,,,,,,,,,,,,,,,,,,,,,,,,,,,,,,,,,,,,,,,,,,,,,,,,,,,,,,,,,,,,,,,,,
2019-11-15 13:19:22.388172,original,floor2,20,True,0.83,200,0.469111979007721,0.7972972989082336,-1.0,slidewindow n=4 mode=first,,,,,,,,,,,,,,,,,,,,,,,,,,,,,,,,,,,,,,,,,,,,,,,,,,,,,,,,,,,,,,,,,,,,,,,,,,,,,,,,,,,,,,,,,,,,,
2019-11-15 13:19:22.465147,original,floor2,20,True,0.83,200,0.4247104227542877,0.80694979429245,-1.0,slidewindow n=5 mode=first,,,,,,,,,,,,,,,,,,,,,,,,,,,,,,,,,,,,,,,,,,,,,,,,,,,,,,,,,,,,,,,,,,,,,,,,,,,,,,,,,,,,,,,,,,,,,
2019-11-15 13:19:22.534126,original,floor2,20,True,0.83,200,0.3938224017620087,0.8223938345909119,-1.0,slidewindow n=6 mode=first,,,,,,,,,,,,,,,,,,,,,,,,,,,,,,,,,,,,,,,,,,,,,,,,,,,,,,,,,,,,,,,,,,,,,,,,,,,,,,,,,,,,,,,,,,,,,
2019-11-15 13:19:22.601105,original,floor2,20,True,0.83,200,0.3783783912658691,0.8397683501243591,-1.0,slidewindow n=7 mode=first,,,,,,,,,,,,,,,,,,,,,,,,,,,,,,,,,,,,,,,,,,,,,,,,,,,,,,,,,,,,,,,,,,,,,,,,,,,,,,,,,,,,,,,,,,,,,
2019-11-15 13:19:22.668083,original,floor2,20,True,0.83,200,0.3745173811912537,0.8030887842178345,-1.0,slidewindow n=3 mode=all,,,,,,,,,,,,,,,,,,,,,,,,,,,,,,,,,,,,,,,,,,,,,,,,,,,,,,,,,,,,,,,,,,,,,,,,,,,,,,,,,,,,,,,,,,,,,
2019-11-15 13:19:22.738060,original,floor2,20,True,0.83,200,0.3281853199005127,0.8185328245162964,-1.0,slidewindow n=4 mode=all,,,,,,,,,,,,,,,,,,,,,,,,,,,,,,,,,,,,,,,,,,,,,,,,,,,,,,,,,,,,,,,,,,,,,,,,,,,,,,,,,,,,,,,,,,,,,
2019-11-15 13:19:22.806055,original,floor2,20,True,0.83,200,0.3011583089828491,0.8359073400497437,-1.0,slidewindow n=5 mode=all,,,,,,,,,,,,,,,,,,,,,,,,,,,,,,,,,,,,,,,,,,,,,,,,,,,,,,,,,,,,,,,,,,,,,,,,,,,,,,,,,,,,,,,,,,,,,
2019-11-15 13:19:22.875016,original,floor2,20,True,0.83,200,0.2953667938709259,0.8416988253593445,-1.0,slidewindow n=6 mode=all,,,,,,,,,,,,,,,,,,,,,,,,,,,,,,,,,,,,,,,,,,,,,,,,,,,,,,,,,,,,,,,,,,,,,,,,,,,,,,,,,,,,,,,,,,,,,
2019-11-15 13:19:22.944994,original,floor2,20,True,0.83,200,0.2895752787590027,0.8513513803482056,-1.0,slidewindow n=7 mode=all,,,,,,,,,,,,,,,,,,,,,,,,,,,,,,,,,,,,,,,,,,,,,,,,,,,,,,,,,,,,,,,,,,,,,,,,,,,,,,,,,,,,,,,,,,,,,
2019-11-15 13:19:51.153757,original,floor2,20,False,0.83,200,0.5096524953842163,0.5501930713653564,-1.0,,,,,,,,,,,,,,,,,,,,,,,,,,,,,,,,,,,,,,,,,,,,,,,,,,,,,,,,,,,,,,,,,,,,,,,,,,,,,,,,,,,,,,,,,,,,,,
2019-11-15 13:19:51.257760,original,floor2,20,False,0.83,200,0.4671814739704132,0.5907335877418518,-1.0,slidewindow n=3 mode=first,,,,,,,,,,,,,,,,,,,,,,,,,,,,,,,,,,,,,,,,,,,,,,,,,,,,,,,,,,,,,,,,,,,,,,,,,,,,,,,,,,,,,,,,,,,,,
2019-11-15 13:19:51.342132,original,floor2,20,False,0.83,200,0.4131274223327637,0.6119691133499146,-1.0,slidewindow n=4 mode=first,,,,,,,,,,,,,,,,,,,,,,,,,,,,,,,,,,,,,,,,,,,,,,,,,,,,,,,,,,,,,,,,,,,,,,,,,,,,,,,,,,,,,,,,,,,,,
2019-11-15 13:19:51.411584,original,floor2,20,False,0.83,200,0.3590733706951141,0.6216216087341309,-1.0,slidewindow n=5 mode=first,,,,,,,,,,,,,,,,,,,,,,,,,,,,,,,,,,,,,,,,,,,,,,,,,,,,,,,,,,,,,,,,,,,,,,,,,,,,,,,,,,,,,,,,,,,,,
2019-11-15 13:19:51.482778,original,floor2,20,False,0.83,200,0.3088802993297577,0.6254826188087463,-1.0,slidewindow n=6 mode=first,,,,,,,,,,,,,,,,,,,,,,,,,,,,,,,,,,,,,,,,,,,,,,,,,,,,,,,,,,,,,,,,,,,,,,,,,,,,,,,,,,,,,,,,,,,,,
2019-11-15 13:19:51.555243,original,floor2,20,False,0.83,200,0.2702702581882477,0.6254826188087463,-1.0,slidewindow n=7 mode=first,,,,,,,,,,,,,,,,,,,,,,,,,,,,,,,,,,,,,,,,,,,,,,,,,,,,,,,,,,,,,,,,,,,,,,,,,,,,,,,,,,,,,,,,,,,,,
2019-11-15 13:19:51.623936,original,floor2,20,False,0.83,200,0.2490347474813461,0.5559845566749573,-1.0,slidewindow n=3 mode=all,,,,,,,,,,,,,,,,,,,,,,,,,,,,,,,,,,,,,,,,,,,,,,,,,,,,,,,,,,,,,,,,,,,,,,,,,,,,,,,,,,,,,,,,,,,,,
2019-11-15 13:19:51.693337,original,floor2,20,False,0.83,200,0.18339768052101127,0.5694980621337891,-1.0,slidewindow n=4 mode=all,,,,,,,,,,,,,,,,,,,,,,,,,,,,,,,,,,,,,,,,,,,,,,,,,,,,,,,,,,,,,,,,,,,,,,,,,,,,,,,,,,,,,,,,,,,,,
2019-11-15 13:19:51.761317,original,floor2,20,False,0.83,200,0.1621621549129486,0.5868725776672363,-1.0,slidewindow n=5 mode=all,,,,,,,,,,,,,,,,,,,,,,,,,,,,,,,,,,,,,,,,,,,,,,,,,,,,,,,,,,,,,,,,,,,,,,,,,,,,,,,,,,,,,,,,,,,,,
2019-11-15 13:19:51.831109,original,floor2,20,False,0.83,200,0.16023166477680206,0.584942102432251,-1.0,slidewindow n=6 mode=all,,,,,,,,,,,,,,,,,,,,,,,,,,,,,,,,,,,,,,,,,,,,,,,,,,,,,,,,,,,,,,,,,,,,,,,,,,,,,,,,,,,,,,,,,,,,,
2019-11-15 13:19:51.888214,original,floor2,20,False,0.83,200,0.13899613916873932,0.5984556078910828,-1.0,slidewindow n=7 mode=all,,,,,,,,,,,,,,,,,,,,,,,,,,,,,,,,,,,,,,,,,,,,,,,,,,,,,,,,,,,,,,,,,,,,,,,,,,,,,,,,,,,,,,,,,,,,,
2019-11-15 13:20:29.403313,full,wall,20,True,0.83,200,0.7879655957221985,0.7163323760032654,-1.0,,,,,,,,,,,,,,,,,,,,,,,,,,,,,,,,,,,,,,,,,,,,,,,,,,,,,,,,,,,,,,,,,,,,,,,,,,,,,,,,,,,,,,,,,,,,,,
2019-11-15 13:20:29.512920,full,wall,20,True,0.83,200,0.7593123316764832,0.7793696522712708,-1.0,slidewindow n=3 mode=first,,,,,,,,,,,,,,,,,,,,,,,,,,,,,,,,,,,,,,,,,,,,,,,,,,,,,,,,,,,,,,,,,,,,,,,,,,,,,,,,,,,,,,,,,,,,,
2019-11-15 13:20:29.597893,full,wall,20,True,0.83,200,0.7249283790588379,0.7822349667549133,-1.0,slidewindow n=4 mode=first,,,,,,,,,,,,,,,,,,,,,,,,,,,,,,,,,,,,,,,,,,,,,,,,,,,,,,,,,,,,,,,,,,,,,,,,,,,,,,,,,,,,,,,,,,,,,
2019-11-15 13:20:29.666871,full,wall,20,True,0.83,200,0.6819484233856201,0.796561598777771,-1.0,slidewindow n=5 mode=first,,,,,,,,,,,,,,,,,,,,,,,,,,,,,,,,,,,,,,,,,,,,,,,,,,,,,,,,,,,,,,,,,,,,,,,,,,,,,,,,,,,,,,,,,,,,,
2019-11-15 13:20:29.736709,full,wall,20,True,0.83,200,0.6389684677124023,0.8051576018333435,-1.0,slidewindow n=6 mode=first,,,,,,,,,,,,,,,,,,,,,,,,,,,,,,,,,,,,,,,,,,,,,,,,,,,,,,,,,,,,,,,,,,,,,,,,,,,,,,,,,,,,,,,,,,,,,
2019-11-15 13:20:29.802677,full,wall,20,True,0.83,200,0.6074498295783997,0.8108882308006287,-1.0,slidewindow n=7 mode=first,,,,,,,,,,,,,,,,,,,,,,,,,,,,,,,,,,,,,,,,,,,,,,,,,,,,,,,,,,,,,,,,,,,,,,,,,,,,,,,,,,,,,,,,,,,,,
2019-11-15 13:20:29.865657,full,wall,20,True,0.83,200,0.5472779273986816,0.8051576018333435,-1.0,slidewindow n=3 mode=all,,,,,,,,,,,,,,,,,,,,,,,,,,,,,,,,,,,,,,,,,,,,,,,,,,,,,,,,,,,,,,,,,,,,,,,,,,,,,,,,,,,,,,,,,,,,,
2019-11-15 13:20:29.924664,full,wall,20,True,0.83,200,0.5014326572418213,0.8194842338562012,-1.0,slidewindow n=4 mode=all,,,,,,,,,,,,,,,,,,,,,,,,,,,,,,,,,,,,,,,,,,,,,,,,,,,,,,,,,,,,,,,,,,,,,,,,,,,,,,,,,,,,,,,,,,,,,
2019-11-15 13:20:29.993650,full,wall,20,True,0.83,200,0.467048704624176,0.8252149224281311,-1.0,slidewindow n=5 mode=all,,,,,,,,,,,,,,,,,,,,,,,,,,,,,,,,,,,,,,,,,,,,,,,,,,,,,,,,,,,,,,,,,,,,,,,,,,,,,,,,,,,,,,,,,,,,,
2019-11-15 13:20:30.045587,full,wall,20,True,0.83,200,0.4269340932369232,0.8280802369117737,-1.0,slidewindow n=6 mode=all,,,,,,,,,,,,,,,,,,,,,,,,,,,,,,,,,,,,,,,,,,,,,,,,,,,,,,,,,,,,,,,,,,,,,,,,,,,,,,,,,,,,,,,,,,,,,
2019-11-15 13:20:30.124345,full,wall,20,True,0.83,200,0.406876802444458,0.8280802369117737,-1.0,slidewindow n=7 mode=all,,,,,,,,,,,,,,,,,,,,,,,,,,,,,,,,,,,,,,,,,,,,,,,,,,,,,,,,,,,,,,,,,,,,,,,,,,,,,,,,,,,,,,,,,,,,,
2019-11-15 13:20:49.369000,full,wall,20,False,0.83,200,0.6991404294967651,0.7048710584640503,-1.0,,,,,,,,,,,,,,,,,,,,,,,,,,,,,,,,,,,,,,,,,,,,,,,,,,,,,,,,,,,,,,,,,,,,,,,,,,,,,,,,,,,,,,,,,,,,,,
2019-11-15 13:20:49.459969,full,wall,20,False,0.83,200,0.676217794418335,0.7392550110816956,-1.0,slidewindow n=3 mode=first,,,,,,,,,,,,,,,,,,,,,,,,,,,,,,,,,,,,,,,,,,,,,,,,,,,,,,,,,,,,,,,,,,,,,,,,,,,,,,,,,,,,,,,,,,,,,
2019-11-15 13:20:49.547674,full,wall,20,False,0.83,200,0.6332378387451172,0.7421203255653381,-1.0,slidewindow n=4 mode=first,,,,,,,,,,,,,,,,,,,,,,,,,,,,,,,,,,,,,,,,,,,,,,,,,,,,,,,,,,,,,,,,,,,,,,,,,,,,,,,,,,,,,,,,,,,,,
2019-11-15 13:20:49.612753,full,wall,20,False,0.83,200,0.5730658769607544,0.7449856996536255,-1.0,slidewindow n=5 mode=first,,,,,,,,,,,,,,,,,,,,,,,,,,,,,,,,,,,,,,,,,,,,,,,,,,,,,,,,,,,,,,,,,,,,,,,,,,,,,,,,,,,,,,,,,,,,,
2019-11-15 13:20:49.692804,full,wall,20,False,0.83,200,0.5186246633529663,0.7535816431045532,-1.0,slidewindow n=6 mode=first,,,,,,,,,,,,,,,,,,,,,,,,,,,,,,,,,,,,,,,,,,,,,,,,,,,,,,,,,,,,,,,,,,,,,,,,,,,,,,,,,,,,,,,,,,,,,
2019-11-15 13:20:49.763329,full,wall,20,False,0.83,200,0.4727793633937836,0.7507163286209106,-1.0,slidewindow n=7 mode=first,,,,,,,,,,,,,,,,,,,,,,,,,,,,,,,,,,,,,,,,,,,,,,,,,,,,,,,,,,,,,,,,,,,,,,,,,,,,,,,,,,,,,,,,,,,,,
2019-11-15 13:20:49.831060,full,wall,20,False,0.83,200,0.44412606954574585,0.736389696598053,-1.0,slidewindow n=3 mode=all,,,,,,,,,,,,,,,,,,,,,,,,,,,,,,,,,,,,,,,,,,,,,,,,,,,,,,,,,,,,,,,,,,,,,,,,,,,,,,,,,,,,,,,,,,,,,
2019-11-15 13:20:49.900255,full,wall,20,False,0.83,200,0.34957021474838257,0.736389696598053,-1.0,slidewindow n=4 mode=all,,,,,,,,,,,,,,,,,,,,,,,,,,,,,,,,,,,,,,,,,,,,,,,,,,,,,,,,,,,,,,,,,,,,,,,,,,,,,,,,,,,,,,,,,,,,,
2019-11-15 13:20:49.968235,full,wall,20,False,0.83,200,0.31232091784477234,0.7335243821144104,-1.0,slidewindow n=5 mode=all,,,,,,,,,,,,,,,,,,,,,,,,,,,,,,,,,,,,,,,,,,,,,,,,,,,,,,,,,,,,,,,,,,,,,,,,,,,,,,,,,,,,,,,,,,,,,
2019-11-15 13:20:50.030558,full,wall,20,False,0.83,200,0.3065902590751648,0.7421203255653381,-1.0,slidewindow n=6 mode=all,,,,,,,,,,,,,,,,,,,,,,,,,,,,,,,,,,,,,,,,,,,,,,,,,,,,,,,,,,,,,,,,,,,,,,,,,,,,,,,,,,,,,,,,,,,,,
2019-11-15 13:20:50.112478,full,wall,20,False,0.83,200,0.2951289415359497,0.7421203255653381,-1.0,slidewindow n=7 mode=all,,,,,,,,,,,,,,,,,,,,,,,,,,,,,,,,,,,,,,,,,,,,,,,,,,,,,,,,,,,,,,,,,,,,,,,,,,,,,,,,,,,,,,,,,,,,,
2019-11-15 13:21:20.324432,full,frontview2,20,True,0.83,200,0.3975044488906861,0.6310160160064697,-1.0,,,,,,,,,,,,,,,,,,,,,,,,,,,,,,,,,,,,,,,,,,,,,,,,,,,,,,,,,,,,,,,,,,,,,,,,,,,,,,,,,,,,,,,,,,,,,,
2019-11-15 13:21:20.427341,full,frontview2,20,True,0.83,200,0.3778966069221497,0.6827094554901123,-1.0,slidewindow n=3 mode=first,,,,,,,,,,,,,,,,,,,,,,,,,,,,,,,,,,,,,,,,,,,,,,,,,,,,,,,,,,,,,,,,,,,,,,,,,,,,,,,,,,,,,,,,,,,,,
2019-11-15 13:21:20.506316,full,frontview2,20,True,0.83,200,0.3440285325050354,0.7112299203872681,-1.0,slidewindow n=4 mode=first,,,,,,,,,,,,,,,,,,,,,,,,,,,,,,,,,,,,,,,,,,,,,,,,,,,,,,,,,,,,,,,,,,,,,,,,,,,,,,,,,,,,,,,,,,,,,
2019-11-15 13:21:20.579310,full,frontview2,20,True,0.83,200,0.2923351228237152,0.7379679083824158,-1.0,slidewindow n=5 mode=first,,,,,,,,,,,,,,,,,,,,,,,,,,,,,,,,,,,,,,,,,,,,,,,,,,,,,,,,,,,,,,,,,,,,,,,,,,,,,,,,,,,,,,,,,,,,,
2019-11-15 13:21:20.650254,full,frontview2,20,True,0.83,200,0.2549019753932953,0.7415329813957214,-1.0,slidewindow n=6 mode=first,,,,,,,,,,,,,,,,,,,,,,,,,,,,,,,,,,,,,,,,,,,,,,,,,,,,,,,,,,,,,,,,,,,,,,,,,,,,,,,,,,,,,,,,,,,,,
2019-11-15 13:21:20.720537,full,frontview2,20,True,0.83,200,0.2335115820169449,0.7486631274223328,-1.0,slidewindow n=7 mode=first,,,,,,,,,,,,,,,,,,,,,,,,,,,,,,,,,,,,,,,,,,,,,,,,,,,,,,,,,,,,,,,,,,,,,,,,,,,,,,,,,,,,,,,,,,,,,
2019-11-15 13:21:20.790576,full,frontview2,20,True,0.83,200,0.26381462812423706,0.7290552854537964,-1.0,slidewindow n=3 mode=all,,,,,,,,,,,,,,,,,,,,,,,,,,,,,,,,,,,,,,,,,,,,,,,,,,,,,,,,,,,,,,,,,,,,,,,,,,,,,,,,,,,,,,,,,,,,,
2019-11-15 13:21:20.869390,full,frontview2,20,True,0.83,200,0.2388591766357422,0.7611408233642578,-1.0,slidewindow n=4 mode=all,,,,,,,,,,,,,,,,,,,,,,,,,,,,,,,,,,,,,,,,,,,,,,,,,,,,,,,,,,,,,,,,,,,,,,,,,,,,,,,,,,,,,,,,,,,,,
2019-11-15 13:21:20.945674,full,frontview2,20,True,0.83,200,0.19607843458652496,0.7682709693908691,-1.0,slidewindow n=5 mode=all,,,,,,,,,,,,,,,,,,,,,,,,,,,,,,,,,,,,,,,,,,,,,,,,,,,,,,,,,,,,,,,,,,,,,,,,,,,,,,,,,,,,,,,,,,,,,
2019-11-15 13:21:21.023637,full,frontview2,20,True,0.83,200,0.16934046149253845,0.7682709693908691,-1.0,slidewindow n=6 mode=all,,,,,,,,,,,,,,,,,,,,,,,,,,,,,,,,,,,,,,,,,,,,,,,,,,,,,,,,,,,,,,,,,,,,,,,,,,,,,,,,,,,,,,,,,,,,,
2019-11-15 13:21:21.095472,full,frontview2,20,True,0.83,200,0.1515151560306549,0.7754010558128357,-1.0,slidewindow n=7 mode=all,,,,,,,,,,,,,,,,,,,,,,,,,,,,,,,,,,,,,,,,,,,,,,,,,,,,,,,,,,,,,,,,,,,,,,,,,,,,,,,,,,,,,,,,,,,,,
2019-11-15 13:21:51.442054,full,frontview2,20,False,0.83,200,0.4670231640338898,0.6434937715530396,-1.0,,,,,,,,,,,,,,,,,,,,,,,,,,,,,,,,,,,,,,,,,,,,,,,,,,,,,,,,,,,,,,,,,,,,,,,,,,,,,,,,,,,,,,,,,,,,,,
2019-11-15 13:21:51.536818,full,frontview2,20,False,0.83,200,0.4491978585720062,0.6791443824768066,-1.0,slidewindow n=3 mode=first,,,,,,,,,,,,,,,,,,,,,,,,,,,,,,,,,,,,,,,,,,,,,,,,,,,,,,,,,,,,,,,,,,,,,,,,,,,,,,,,,,,,,,,,,,,,,
2019-11-15 13:21:51.608871,full,frontview2,20,False,0.83,200,0.4171122908592224,0.7005347609519958,-1.0,slidewindow n=4 mode=first,,,,,,,,,,,,,,,,,,,,,,,,,,,,,,,,,,,,,,,,,,,,,,,,,,,,,,,,,,,,,,,,,,,,,,,,,,,,,,,,,,,,,,,,,,,,,
2019-11-15 13:21:51.688675,full,frontview2,20,False,0.83,200,0.3814616799354553,0.7183600664138794,-1.0,slidewindow n=5 mode=first,,,,,,,,,,,,,,,,,,,,,,,,,,,,,,,,,,,,,,,,,,,,,,,,,,,,,,,,,,,,,,,,,,,,,,,,,,,,,,,,,,,,,,,,,,,,,
2019-11-15 13:21:51.769141,full,frontview2,20,False,0.83,200,0.33511584997177124,0.7165775299072266,-1.0,slidewindow n=6 mode=first,,,,,,,,,,,,,,,,,,,,,,,,,,,,,,,,,,,,,,,,,,,,,,,,,,,,,,,,,,,,,,,,,,,,,,,,,,,,,,,,,,,,,,,,,,,,,
2019-11-15 13:21:51.843070,full,frontview2,20,False,0.83,200,0.28877004981040955,0.7326202988624573,-1.0,slidewindow n=7 mode=first,,,,,,,,,,,,,,,,,,,,,,,,,,,,,,,,,,,,,,,,,,,,,,,,,,,,,,,,,,,,,,,,,,,,,,,,,,,,,,,,,,,,,,,,,,,,,
2019-11-15 13:21:51.934353,full,frontview2,20,False,0.83,200,0.2335115820169449,0.6720142364501953,-1.0,slidewindow n=3 mode=all,,,,,,,,,,,,,,,,,,,,,,,,,,,,,,,,,,,,,,,,,,,,,,,,,,,,,,,,,,,,,,,,,,,,,,,,,,,,,,,,,,,,,,,,,,,,,
2019-11-15 13:21:52.012413,full,frontview2,20,False,0.83,200,0.16755792498588562,0.6773618459701538,-1.0,slidewindow n=4 mode=all,,,,,,,,,,,,,,,,,,,,,,,,,,,,,,,,,,,,,,,,,,,,,,,,,,,,,,,,,,,,,,,,,,,,,,,,,,,,,,,,,,,,,,,,,,,,,
2019-11-15 13:21:52.098599,full,frontview2,20,False,0.83,200,0.15508021414279938,0.6880570650100708,-1.0,slidewindow n=5 mode=all,,,,,,,,,,,,,,,,,,,,,,,,,,,,,,,,,,,,,,,,,,,,,,,,,,,,,,,,,,,,,,,,,,,,,,,,,,,,,,,,,,,,,,,,,,,,,
2019-11-15 13:21:52.175843,full,frontview2,20,False,0.83,200,0.14260248839855194,0.7005347609519958,-1.0,slidewindow n=6 mode=all,,,,,,,,,,,,,,,,,,,,,,,,,,,,,,,,,,,,,,,,,,,,,,,,,,,,,,,,,,,,,,,,,,,,,,,,,,,,,,,,,,,,,,,,,,,,,
2019-11-15 13:21:52.250819,full,frontview2,20,False,0.83,200,0.1301247775554657,0.7023172974586487,-1.0,slidewindow n=7 mode=all,,,,,,,,,,,,,,,,,,,,,,,,,,,,,,,,,,,,,,,,,,,,,,,,,,,,,,,,,,,,,,,,,,,,,,,,,,,,,,,,,,,,,,,,,,,,,
2019-11-15 13:22:20.151684,full,floor2,20,True,0.83,200,0.61583012342453,0.6969112157821655,-1.0,,,,,,,,,,,,,,,,,,,,,,,,,,,,,,,,,,,,,,,,,,,,,,,,,,,,,,,,,,,,,,,,,,,,,,,,,,,,,,,,,,,,,,,,,,,,,,
2019-11-15 13:22:20.245653,full,floor2,20,True,0.83,200,0.5868725776672363,0.7586872577667236,-1.0,slidewindow n=3 mode=first,,,,,,,,,,,,,,,,,,,,,,,,,,,,,,,,,,,,,,,,,,,,,,,,,,,,,,,,,,,,,,,,,,,,,,,,,,,,,,,,,,,,,,,,,,,,,
2019-11-15 13:22:20.331544,full,floor2,20,True,0.83,200,0.5482625365257263,0.7818532586097717,-1.0,slidewindow n=4 mode=first,,,,,,,,,,,,,,,,,,,,,,,,,,,,,,,,,,,,,,,,,,,,,,,,,,,,,,,,,,,,,,,,,,,,,,,,,,,,,,,,,,,,,,,,,,,,,
2019-11-15 13:22:20.404533,full,floor2,20,True,0.83,200,0.5019304752349854,0.7953668236732483,-1.0,slidewindow n=5 mode=first,,,,,,,,,,,,,,,,,,,,,,,,,,,,,,,,,,,,,,,,,,,,,,,,,,,,,,,,,,,,,,,,,,,,,,,,,,,,,,,,,,,,,,,,,,,,,
2019-11-15 13:22:20.476670,full,floor2,20,True,0.83,200,0.4536679685115814,0.8030887842178345,-1.0,slidewindow n=6 mode=first,,,,,,,,,,,,,,,,,,,,,,,,,,,,,,,,,,,,,,,,,,,,,,,,,,,,,,,,,,,,,,,,,,,,,,,,,,,,,,,,,,,,,,,,,,,,,
2019-11-15 13:22:20.548633,full,floor2,20,True,0.83,200,0.3938224017620087,0.80694979429245,-1.0,slidewindow n=7 mode=first,,,,,,,,,,,,,,,,,,,,,,,,,,,,,,,,,,,,,,,,,,,,,,,,,,,,,,,,,,,,,,,,,,,,,,,,,,,,,,,,,,,,,,,,,,,,,
2019-11-15 13:22:20.623610,full,floor2,20,True,0.83,200,0.39768341183662415,0.7837837934494019,-1.0,slidewindow n=3 mode=all,,,,,,,,,,,,,,,,,,,,,,,,,,,,,,,,,,,,,,,,,,,,,,,,,,,,,,,,,,,,,,,,,,,,,,,,,,,,,,,,,,,,,,,,,,,,,
2019-11-15 13:22:20.699997,full,floor2,20,True,0.83,200,0.3474903404712677,0.8050193190574646,-1.0,slidewindow n=4 mode=all,,,,,,,,,,,,,,,,,,,,,,,,,,,,,,,,,,,,,,,,,,,,,,,,,,,,,,,,,,,,,,,,,,,,,,,,,,,,,,,,,,,,,,,,,,,,,
2019-11-15 13:22:20.773974,full,floor2,20,True,0.83,200,0.30694979429244995,0.8166022896766663,-1.0,slidewindow n=5 mode=all,,,,,,,,,,,,,,,,,,,,,,,,,,,,,,,,,,,,,,,,,,,,,,,,,,,,,,,,,,,,,,,,,,,,,,,,,,,,,,,,,,,,,,,,,,,,,
2019-11-15 13:22:20.845955,full,floor2,20,True,0.83,200,0.29729729890823364,0.8281853199005127,-1.0,slidewindow n=6 mode=all,,,,,,,,,,,,,,,,,,,,,,,,,,,,,,,,,,,,,,,,,,,,,,,,,,,,,,,,,,,,,,,,,,,,,,,,,,,,,,,,,,,,,,,,,,,,,
2019-11-15 13:22:20.920927,full,floor2,20,True,0.83,200,0.27799227833747864,0.837837815284729,-1.0,slidewindow n=7 mode=all,,,,,,,,,,,,,,,,,,,,,,,,,,,,,,,,,,,,,,,,,,,,,,,,,,,,,,,,,,,,,,,,,,,,,,,,,,,,,,,,,,,,,,,,,,,,,
2019-11-15 13:22:48.966351,full,floor2,20,False,0.83,200,0.5270270109176636,0.5656370520591736,-1.0,,,,,,,,,,,,,,,,,,,,,,,,,,,,,,,,,,,,,,,,,,,,,,,,,,,,,,,,,,,,,,,,,,,,,,,,,,,,,,,,,,,,,,,,,,,,,,
2019-11-15 13:22:49.073862,full,floor2,20,False,0.83,200,0.5,0.6138995885848999,-1.0,slidewindow n=3 mode=first,,,,,,,,,,,,,,,,,,,,,,,,,,,,,,,,,,,,,,,,,,,,,,,,,,,,,,,,,,,,,,,,,,,,,,,,,,,,,,,,,,,,,,,,,,,,,
2019-11-15 13:22:49.164834,full,floor2,20,False,0.83,200,0.4498069584369659,0.623552143573761,-1.0,slidewindow n=4 mode=first,,,,,,,,,,,,,,,,,,,,,,,,,,,,,,,,,,,,,,,,,,,,,,,,,,,,,,,,,,,,,,,,,,,,,,,,,,,,,,,,,,,,,,,,,,,,,
2019-11-15 13:22:49.236811,full,floor2,20,False,0.83,200,0.403474897146225,0.6332046389579773,-1.0,slidewindow n=5 mode=first,,,,,,,,,,,,,,,,,,,,,,,,,,,,,,,,,,,,,,,,,,,,,,,,,,,,,,,,,,,,,,,,,,,,,,,,,,,,,,,,,,,,,,,,,,,,,
2019-11-15 13:22:49.312787,full,floor2,20,False,0.83,200,0.3667953610420227,0.6332046389579773,-1.0,slidewindow n=6 mode=first,,,,,,,,,,,,,,,,,,,,,,,,,,,,,,,,,,,,,,,,,,,,,,,,,,,,,,,,,,,,,,,,,,,,,,,,,,,,,,,,,,,,,,,,,,,,,
2019-11-15 13:22:49.390761,full,floor2,20,False,0.83,200,0.3320463299751282,0.6370656490325928,-1.0,slidewindow n=7 mode=first,,,,,,,,,,,,,,,,,,,,,,,,,,,,,,,,,,,,,,,,,,,,,,,,,,,,,,,,,,,,,,,,,,,,,,,,,,,,,,,,,,,,,,,,,,,,,
2019-11-15 13:22:49.466737,full,floor2,20,False,0.83,200,0.2490347474813461,0.6061776280403137,-1.0,slidewindow n=3 mode=all,,,,,,,,,,,,,,,,,,,,,,,,,,,,,,,,,,,,,,,,,,,,,,,,,,,,,,,,,,,,,,,,,,,,,,,,,,,,,,,,,,,,,,,,,,,,,
2019-11-15 13:22:49.542713,full,floor2,20,False,0.83,200,0.2027027010917664,0.623552143573761,-1.0,slidewindow n=4 mode=all,,,,,,,,,,,,,,,,,,,,,,,,,,,,,,,,,,,,,,,,,,,,,,,,,,,,,,,,,,,,,,,,,,,,,,,,,,,,,,,,,,,,,,,,,,,,,
2019-11-15 13:22:49.619689,full,floor2,20,False,0.83,200,0.17760618031024933,0.6293436288833618,-1.0,slidewindow n=5 mode=all,,,,,,,,,,,,,,,,,,,,,,,,,,,,,,,,,,,,,,,,,,,,,,,,,,,,,,,,,,,,,,,,,,,,,,,,,,,,,,,,,,,,,,,,,,,,,
2019-11-15 13:22:49.697664,full,floor2,20,False,0.83,200,0.17374517023563385,0.6216216087341309,-1.0,slidewindow n=6 mode=all,,,,,,,,,,,,,,,,,,,,,,,,,,,,,,,,,,,,,,,,,,,,,,,,,,,,,,,,,,,,,,,,,,,,,,,,,,,,,,,,,,,,,,,,,,,,,
2019-11-15 13:22:49.777651,full,floor2,20,False,0.83,200,0.16795367002487185,0.6254826188087463,-1.0,slidewindow n=7 mode=all,,,,,,,,,,,,,,,,,,,,,,,,,,,,,,,,,,,,,,,,,,,,,,,,,,,,,,,,,,,,,,,,,,,,,,,,,,,,,,,,,,,,,,,,,,,,,
2019-11-15 13:23:20.230864,no-masked-trimed,wall,30,True,0.83,200,0.7936962842941284,0.8681948184967041,-1.0,,,,,,,,,,,,,,,,,,,,,,,,,,,,,,,,,,,,,,,,,,,,,,,,,,,,,,,,,,,,,,,,,,,,,,,,,,,,,,,,,,,,,,,,,,,,,,
2019-11-15 13:23:20.316167,no-masked-trimed,wall,30,True,0.83,200,0.7851002812385559,0.9197707772254944,-1.0,slidewindow n=3 mode=first,,,,,,,,,,,,,,,,,,,,,,,,,,,,,,,,,,,,,,,,,,,,,,,,,,,,,,,,,,,,,,,,,,,,,,,,,,,,,,,,,,,,,,,,,,,,,
2019-11-15 13:23:20.403139,no-masked-trimed,wall,30,True,0.83,200,0.7679083347320557,0.9312320947647096,-1.0,slidewindow n=4 mode=first,,,,,,,,,,,,,,,,,,,,,,,,,,,,,,,,,,,,,,,,,,,,,,,,,,,,,,,,,,,,,,,,,,,,,,,,,,,,,,,,,,,,,,,,,,,,,
2019-11-15 13:23:20.475129,no-masked-trimed,wall,30,True,0.83,200,0.7277936935424805,0.939828097820282,-1.0,slidewindow n=5 mode=first,,,,,,,,,,,,,,,,,,,,,,,,,,,,,,,,,,,,,,,,,,,,,,,,,,,,,,,,,,,,,,,,,,,,,,,,,,,,,,,,,,,,,,,,,,,,,
2019-11-15 13:23:20.546106,no-masked-trimed,wall,30,True,0.83,200,0.6790831089019775,0.9426934123039246,-1.0,slidewindow n=6 mode=first,,,,,,,,,,,,,,,,,,,,,,,,,,,,,,,,,,,,,,,,,,,,,,,,,,,,,,,,,,,,,,,,,,,,,,,,,,,,,,,,,,,,,,,,,,,,,
2019-11-15 13:23:20.616083,no-masked-trimed,wall,30,True,0.83,200,0.6361031532287598,0.939828097820282,-1.0,slidewindow n=7 mode=first,,,,,,,,,,,,,,,,,,,,,,,,,,,,,,,,,,,,,,,,,,,,,,,,,,,,,,,,,,,,,,,,,,,,,,,,,,,,,,,,,,,,,,,,,,,,,
2019-11-15 13:23:20.686050,no-masked-trimed,wall,30,True,0.83,200,0.6389684677124023,0.939828097820282,-1.0,slidewindow n=3 mode=all,,,,,,,,,,,,,,,,,,,,,,,,,,,,,,,,,,,,,,,,,,,,,,,,,,,,,,,,,,,,,,,,,,,,,,,,,,,,,,,,,,,,,,,,,,,,,
2019-11-15 13:23:20.758026,no-masked-trimed,wall,30,True,0.83,200,0.6045845150947571,0.9455587267875672,-1.0,slidewindow n=4 mode=all,,,,,,,,,,,,,,,,,,,,,,,,,,,,,,,,,,,,,,,,,,,,,,,,,,,,,,,,,,,,,,,,,,,,,,,,,,,,,,,,,,,,,,,,,,,,,
2019-11-15 13:23:20.832003,no-masked-trimed,wall,30,True,0.83,200,0.5530086159706116,0.9512894153594972,-1.0,slidewindow n=5 mode=all,,,,,,,,,,,,,,,,,,,,,,,,,,,,,,,,,,,,,,,,,,,,,,,,,,,,,,,,,,,,,,,,,,,,,,,,,,,,,,,,,,,,,,,,,,,,,
2019-11-15 13:23:20.905979,no-masked-trimed,wall,30,True,0.83,200,0.515759289264679,0.9484240412712096,-1.0,slidewindow n=6 mode=all,,,,,,,,,,,,,,,,,,,,,,,,,,,,,,,,,,,,,,,,,,,,,,,,,,,,,,,,,,,,,,,,,,,,,,,,,,,,,,,,,,,,,,,,,,,,,
2019-11-15 13:23:20.977957,no-masked-trimed,wall,30,True,0.83,200,0.4899713397026062,0.9541547298431396,-1.0,slidewindow n=7 mode=all,,,,,,,,,,,,,,,,,,,,,,,,,,,,,,,,,,,,,,,,,,,,,,,,,,,,,,,,,,,,,,,,,,,,,,,,,,,,,,,,,,,,,,,,,,,,,
2019-11-15 13:23:40.778153,no-masked-trimed,wall,30,False,0.83,200,0.7994269132614136,0.8510028719902039,-1.0,,,,,,,,,,,,,,,,,,,,,,,,,,,,,,,,,,,,,,,,,,,,,,,,,,,,,,,,,,,,,,,,,,,,,,,,,,,,,,,,,,,,,,,,,,,,,,
2019-11-15 13:23:40.903154,no-masked-trimed,wall,30,False,0.83,200,0.7650429606437683,0.8853868246078491,-1.0,slidewindow n=3 mode=first,,,,,,,,,,,,,,,,,,,,,,,,,,,,,,,,,,,,,,,,,,,,,,,,,,,,,,,,,,,,,,,,,,,,,,,,,,,,,,,,,,,,,,,,,,,,,
2019-11-15 13:23:41.012898,no-masked-trimed,wall,30,False,0.83,200,0.7220630645751953,0.8882521390914917,-1.0,slidewindow n=4 mode=first,,,,,,,,,,,,,,,,,,,,,,,,,,,,,,,,,,,,,,,,,,,,,,,,,,,,,,,,,,,,,,,,,,,,,,,,,,,,,,,,,,,,,,,,,,,,,
2019-11-15 13:23:41.084885,no-masked-trimed,wall,30,False,0.83,200,0.6733524203300476,0.8853868246078491,-1.0,slidewindow n=5 mode=first,,,,,,,,,,,,,,,,,,,,,,,,,,,,,,,,,,,,,,,,,,,,,,,,,,,,,,,,,,,,,,,,,,,,,,,,,,,,,,,,,,,,,,,,,,,,,
2019-11-15 13:23:41.158862,no-masked-trimed,wall,30,False,0.83,200,0.6160458326339722,0.8882521390914917,-1.0,slidewindow n=6 mode=first,,,,,,,,,,,,,,,,,,,,,,,,,,,,,,,,,,,,,,,,,,,,,,,,,,,,,,,,,,,,,,,,,,,,,,,,,,,,,,,,,,,,,,,,,,,,,
2019-11-15 13:23:41.223889,no-masked-trimed,wall,30,False,0.83,200,0.5816618800163269,0.8911174535751343,-1.0,slidewindow n=7 mode=first,,,,,,,,,,,,,,,,,,,,,,,,,,,,,,,,,,,,,,,,,,,,,,,,,,,,,,,,,,,,,,,,,,,,,,,,,,,,,,,,,,,,,,,,,,,,,
2019-11-15 13:23:41.336626,no-masked-trimed,wall,30,False,0.83,200,0.4126074612140656,0.873925507068634,-1.0,slidewindow n=3 mode=all,,,,,,,,,,,,,,,,,,,,,,,,,,,,,,,,,,,,,,,,,,,,,,,,,,,,,,,,,,,,,,,,,,,,,,,,,,,,,,,,,,,,,,,,,,,,,
2019-11-15 13:23:41.427162,no-masked-trimed,wall,30,False,0.83,200,0.3209168910980225,0.8796561360359192,-1.0,slidewindow n=4 mode=all,,,,,,,,,,,,,,,,,,,,,,,,,,,,,,,,,,,,,,,,,,,,,,,,,,,,,,,,,,,,,,,,,,,,,,,,,,,,,,,,,,,,,,,,,,,,,
2019-11-15 13:23:41.496209,no-masked-trimed,wall,30,False,0.83,200,0.31232091784477234,0.8853868246078491,-1.0,slidewindow n=5 mode=all,,,,,,,,,,,,,,,,,,,,,,,,,,,,,,,,,,,,,,,,,,,,,,,,,,,,,,,,,,,,,,,,,,,,,,,,,,,,,,,,,,,,,,,,,,,,,
2019-11-15 13:23:41.577737,no-masked-trimed,wall,30,False,0.83,200,0.30372491478919983,0.8911174535751343,-1.0,slidewindow n=6 mode=all,,,,,,,,,,,,,,,,,,,,,,,,,,,,,,,,,,,,,,,,,,,,,,,,,,,,,,,,,,,,,,,,,,,,,,,,,,,,,,,,,,,,,,,,,,,,,
2019-11-15 13:23:41.652079,no-masked-trimed,wall,30,False,0.83,200,0.29226359724998474,0.8968481421470642,-1.0,slidewindow n=7 mode=all,,,,,,,,,,,,,,,,,,,,,,,,,,,,,,,,,,,,,,,,,,,,,,,,,,,,,,,,,,,,,,,,,,,,,,,,,,,,,,,,,,,,,,,,,,,,,
2019-11-15 13:24:12.194114,no-masked-trimed,frontview2,30,True,0.83,200,0.2370766550302505,0.7272727489471436,-1.0,,,,,,,,,,,,,,,,,,,,,,,,,,,,,,,,,,,,,,,,,,,,,,,,,,,,,,,,,,,,,,,,,,,,,,,,,,,,,,,,,,,,,,,,,,,,,,
2019-11-15 13:24:12.290796,no-masked-trimed,frontview2,30,True,0.83,200,0.2085561454296112,0.7950088977813721,-1.0,slidewindow n=3 mode=first,,,,,,,,,,,,,,,,,,,,,,,,,,,,,,,,,,,,,,,,,,,,,,,,,,,,,,,,,,,,,,,,,,,,,,,,,,,,,,,,,,,,,,,,,,,,,
2019-11-15 13:24:12.378769,no-masked-trimed,frontview2,30,True,0.83,200,0.18894830346107488,0.8199643492698669,-1.0,slidewindow n=4 mode=first,,,,,,,,,,,,,,,,,,,,,,,,,,,,,,,,,,,,,,,,,,,,,,,,,,,,,,,,,,,,,,,,,,,,,,,,,,,,,,,,,,,,,,,,,,,,,
2019-11-15 13:24:12.449505,no-masked-trimed,frontview2,30,True,0.83,200,0.16042780876159668,0.8467023372650146,-1.0,slidewindow n=5 mode=first,,,,,,,,,,,,,,,,,,,,,,,,,,,,,,,,,,,,,,,,,,,,,,,,,,,,,,,,,,,,,,,,,,,,,,,,,,,,,,,,,,,,,,,,,,,,,
2019-11-15 13:24:12.528082,no-masked-trimed,frontview2,30,True,0.83,200,0.135472372174263,0.8680927157402039,-1.0,slidewindow n=6 mode=first,,,,,,,,,,,,,,,,,,,,,,,,,,,,,,,,,,,,,,,,,,,,,,,,,,,,,,,,,,,,,,,,,,,,,,,,,,,,,,,,,,,,,,,,,,,,,
2019-11-15 13:24:12.605542,no-masked-trimed,frontview2,30,True,0.83,200,0.10695187002420424,0.8787878751754761,-1.0,slidewindow n=7 mode=first,,,,,,,,,,,,,,,,,,,,,,,,,,,,,,,,,,,,,,,,,,,,,,,,,,,,,,,,,,,,,,,,,,,,,,,,,,,,,,,,,,,,,,,,,,,,,
2019-11-15 13:24:12.686501,no-masked-trimed,frontview2,30,True,0.83,200,0.19073083996772766,0.8449198007583618,-1.0,slidewindow n=3 mode=all,,,,,,,,,,,,,,,,,,,,,,,,,,,,,,,,,,,,,,,,,,,,,,,,,,,,,,,,,,,,,,,,,,,,,,,,,,,,,,,,,,,,,,,,,,,,,
2019-11-15 13:24:12.772384,no-masked-trimed,frontview2,30,True,0.83,200,0.15864527225494385,0.8467023372650146,-1.0,slidewindow n=4 mode=all,,,,,,,,,,,,,,,,,,,,,,,,,,,,,,,,,,,,,,,,,,,,,,,,,,,,,,,,,,,,,,,,,,,,,,,,,,,,,,,,,,,,,,,,,,,,,
2019-11-15 13:24:12.867354,no-masked-trimed,frontview2,30,True,0.83,200,0.14260248839855194,0.8663101792335509,-1.0,slidewindow n=5 mode=all,,,,,,,,,,,,,,,,,,,,,,,,,,,,,,,,,,,,,,,,,,,,,,,,,,,,,,,,,,,,,,,,,,,,,,,,,,,,,,,,,,,,,,,,,,,,,
2019-11-15 13:24:12.956325,no-masked-trimed,frontview2,30,True,0.83,200,0.135472372174263,0.8805704116821289,-1.0,slidewindow n=6 mode=all,,,,,,,,,,,,,,,,,,,,,,,,,,,,,,,,,,,,,,,,,,,,,,,,,,,,,,,,,,,,,,,,,,,,,,,,,,,,,,,,,,,,,,,,,,,,,
2019-11-15 13:24:13.033492,no-masked-trimed,frontview2,30,True,0.83,200,0.11764705926179884,0.8841354846954346,-1.0,slidewindow n=7 mode=all,,,,,,,,,,,,,,,,,,,,,,,,,,,,,,,,,,,,,,,,,,,,,,,,,,,,,,,,,,,,,,,,,,,,,,,,,,,,,,,,,,,,,,,,,,,,,
2019-11-15 13:24:42.941095,no-masked-trimed,frontview2,30,False,0.83,200,0.24242424964904785,0.7201426029205322,-1.0,,,,,,,,,,,,,,,,,,,,,,,,,,,,,,,,,,,,,,,,,,,,,,,,,,,,,,,,,,,,,,,,,,,,,,,,,,,,,,,,,,,,,,,,,,,,,,
2019-11-15 13:24:43.035845,no-masked-trimed,frontview2,30,False,0.83,200,0.21746881306171406,0.7575757503509521,-1.0,slidewindow n=3 mode=first,,,,,,,,,,,,,,,,,,,,,,,,,,,,,,,,,,,,,,,,,,,,,,,,,,,,,,,,,,,,,,,,,,,,,,,,,,,,,,,,,,,,,,,,,,,,,
2019-11-15 13:24:43.126816,no-masked-trimed,frontview2,30,False,0.83,200,0.17825311422348022,0.8003565073013306,-1.0,slidewindow n=4 mode=first,,,,,,,,,,,,,,,,,,,,,,,,,,,,,,,,,,,,,,,,,,,,,,,,,,,,,,,,,,,,,,,,,,,,,,,,,,,,,,,,,,,,,,,,,,,,,
2019-11-15 13:24:43.205808,no-masked-trimed,frontview2,30,False,0.83,200,0.14438502490520475,0.8342245817184448,-1.0,slidewindow n=5 mode=first,,,,,,,,,,,,,,,,,,,,,,,,,,,,,,,,,,,,,,,,,,,,,,,,,,,,,,,,,,,,,,,,,,,,,,,,,,,,,,,,,,,,,,,,,,,,,
2019-11-15 13:24:43.283783,no-masked-trimed,frontview2,30,False,0.83,200,0.11764705926179884,0.8484848737716675,-1.0,slidewindow n=6 mode=first,,,,,,,,,,,,,,,,,,,,,,,,,,,,,,,,,,,,,,,,,,,,,,,,,,,,,,,,,,,,,,,,,,,,,,,,,,,,,,,,,,,,,,,,,,,,,
2019-11-15 13:24:43.360759,no-masked-trimed,frontview2,30,False,0.83,200,0.11051693558692932,0.855614960193634,-1.0,slidewindow n=7 mode=first,,,,,,,,,,,,,,,,,,,,,,,,,,,,,,,,,,,,,,,,,,,,,,,,,,,,,,,,,,,,,,,,,,,,,,,,,,,,,,,,,,,,,,,,,,,,,
2019-11-15 13:24:43.438734,no-masked-trimed,frontview2,30,False,0.83,200,0.08912655711174011,0.7789661288261414,-1.0,slidewindow n=3 mode=all,,,,,,,,,,,,,,,,,,,,,,,,,,,,,,,,,,,,,,,,,,,,,,,,,,,,,,,,,,,,,,,,,,,,,,,,,,,,,,,,,,,,,,,,,,,,,
2019-11-15 13:24:43.520692,no-masked-trimed,frontview2,30,False,0.83,200,0.07486630976200104,0.8146167397499084,-1.0,slidewindow n=4 mode=all,,,,,,,,,,,,,,,,,,,,,,,,,,,,,,,,,,,,,,,,,,,,,,,,,,,,,,,,,,,,,,,,,,,,,,,,,,,,,,,,,,,,,,,,,,,,,
2019-11-15 13:24:43.602008,no-masked-trimed,frontview2,30,False,0.83,200,0.06951871514320374,0.8288770318031311,-1.0,slidewindow n=5 mode=all,,,,,,,,,,,,,,,,,,,,,,,,,,,,,,,,,,,,,,,,,,,,,,,,,,,,,,,,,,,,,,,,,,,,,,,,,,,,,,,,,,,,,,,,,,,,,
2019-11-15 13:24:43.682982,no-masked-trimed,frontview2,30,False,0.83,200,0.06417112052440642,0.8270944952964783,-1.0,slidewindow n=6 mode=all,,,,,,,,,,,,,,,,,,,,,,,,,,,,,,,,,,,,,,,,,,,,,,,,,,,,,,,,,,,,,,,,,,,,,,,,,,,,,,,,,,,,,,,,,,,,,
2019-11-15 13:24:43.766949,no-masked-trimed,frontview2,30,False,0.83,200,0.07130124419927597,0.832442045211792,-1.0,slidewindow n=7 mode=all,,,,,,,,,,,,,,,,,,,,,,,,,,,,,,,,,,,,,,,,,,,,,,,,,,,,,,,,,,,,,,,,,,,,,,,,,,,,,,,,,,,,,,,,,,,,,
2019-11-15 13:25:11.612807,no-masked-trimed,floor2,30,True,0.83,200,0.5038610100746155,0.7297297120094299,-1.0,,,,,,,,,,,,,,,,,,,,,,,,,,,,,,,,,,,,,,,,,,,,,,,,,,,,,,,,,,,,,,,,,,,,,,,,,,,,,,,,,,,,,,,,,,,,,,
2019-11-15 13:25:11.721490,no-masked-trimed,floor2,30,True,0.83,200,0.4787644743919373,0.7895752787590027,-1.0,slidewindow n=3 mode=first,,,,,,,,,,,,,,,,,,,,,,,,,,,,,,,,,,,,,,,,,,,,,,,,,,,,,,,,,,,,,,,,,,,,,,,,,,,,,,,,,,,,,,,,,,,,,
2019-11-15 13:25:11.822458,no-masked-trimed,floor2,30,True,0.83,200,0.4459459483623505,0.8339768052101135,-1.0,slidewindow n=4 mode=first,,,,,,,,,,,,,,,,,,,,,,,,,,,,,,,,,,,,,,,,,,,,,,,,,,,,,,,,,,,,,,,,,,,,,,,,,,,,,,,,,,,,,,,,,,,,,
2019-11-15 13:25:11.903450,no-masked-trimed,floor2,30,True,0.83,200,0.4092664122581482,0.84555983543396,-1.0,slidewindow n=5 mode=first,,,,,,,,,,,,,,,,,,,,,,,,,,,,,,,,,,,,,,,,,,,,,,,,,,,,,,,,,,,,,,,,,,,,,,,,,,,,,,,,,,,,,,,,,,,,,
2019-11-15 13:25:11.982424,no-masked-trimed,floor2,30,True,0.83,200,0.3745173811912537,0.8552123308181763,-1.0,slidewindow n=6 mode=first,,,,,,,,,,,,,,,,,,,,,,,,,,,,,,,,,,,,,,,,,,,,,,,,,,,,,,,,,,,,,,,,,,,,,,,,,,,,,,,,,,,,,,,,,,,,,
2019-11-15 13:25:12.066336,no-masked-trimed,floor2,30,True,0.83,200,0.3281853199005127,0.8629343509674072,-1.0,slidewindow n=7 mode=first,,,,,,,,,,,,,,,,,,,,,,,,,,,,,,,,,,,,,,,,,,,,,,,,,,,,,,,,,,,,,,,,,,,,,,,,,,,,,,,,,,,,,,,,,,,,,
